1616 2762
153 141 160 144 -
181 116 239 153 *12
551 152 556 156 ,
590 150 593 151 .
718 152 724 156 ,,
781 155 784 157 ,

287 210 338 253 El.
357 211 426 243 775
462 207 555 244 ὅςτις
574 198 637 250 τῆς
650 204 746 250 ἐμῆς
762 208 879 251 ψθχῆἒ
897 166 1064 249 ἵετ’ἀκῆ

463 257 603 300 μαςτῶν
623 254 778 291 ἀποςτὰς
798 254 855 292 καὶ
873 257 1011 306 τροφῆς
1024 214 1115 299 ἐμῆς
1130 265 1209 299 φυγ

463 304 688 341 ἀπεξενοῦτο.

127 340 131 343 ’
188 355 454 397 Interpretantm·
478 355 611 397 quidem
635 354 696 396 τῆς
722 348 807 396 ἐμῆς
829 354 945 396 ψυχῆς
965 351 1094 395 γεγώς,
1119 354 1177 387 sed
1201 354 1290 397 quod
1309 354 1483 390 conserunt

188 401 321 446 τούμὸν
337 401 518 438 ἐκπίνους’
533 401 587 438 ἀεὶ
604 403 719 446 ψυχῆς
735 400 889 445 ἄκρατον
905 400 990 445 αἷμα
1005 400 1052 448 (v.
1065 398 1161 448 785),
1175 403 1209 437 id
1224 404 1324 446 plane
1338 403 1482 438 alienum
1498 423 1501 427 -
1518 438 1529 441 ,,
1547 403 1550 405 ’
1579 413 1592 429 -’

188 455 248 486 est.
283 454 366 485 Mihi
391 454 452 495 τῆς
479 452 562 494 ἐμῆς
588 453 703 494 ψυχῆς
728 455 883 494 corrupta
907 453 1063 485 videntur
1087 463 1127 485 ex
1151 462 1190 485 eo
1220 453 1308 494 quod
1331 463 1385 485 res
1409 453 1482 495 ipsa

187 502 340 543 leqUint
454 547 544 583 ὅςτις
565 550 688 592 τῆςδε
709 546 865 591 νηδύος
886 547 1011 590 γεγώς.

188 600 255 632 Cfr.
275 601 354 632 Eur.
379 600 497 632 Bacch.
520 601 613 632 1306
643 599 704 639 τῆς
736 600 795 640 ςῆς
825 595 905 631 τόδ’
936 596 1054 641 ἔρνος,
1085 595 1115 630 ὦ
1145 595 1309 639 τάλαινα,
1341 597 1479 639 νηδύος.
1509 639 1513 642 q
1564 602 1601 632 .“

190 648 295 680 Video
316 648 416 680 etiam
432 648 647 696 Blaydesium
668 648 843 680 coniecisse
864 648 918 680 vel
938 647 1000 688 τῆς
1020 645 1104 688 ἐμῆς
1124 645 1272 687 γαςτρὸς
1292 644 1408 687 γεγώς
1427 647 1481 680 vel
1518 666 1524 671 ·
1560 652 1562 655 '

188 694 317 738 νηδύος
338 695 454 737 γεγὼς
474 695 567 738 ἐμῆς.

188 746 239 779 ΕΙ.
253 747 345 778 1038
369 744 492 779 ΧΡΥΕ.
514 743 602 778 ὅταν
622 744 690 786 γὰρ
711 743 751 778 εὖ
772 746 923 788 φρονῇς,
944 741 1022 778 τόθ’
1041 743 1160 786 ἡγήςει
1183 743 1222 778 ςὺ
1242 745 1326 788 νῷν.

425 792 490 827 ΗΛ.
512 792 533 835 ἦ
555 793 675 827 δεινὸν
696 792 735 827 εὖ
757 793 930 834 λέγουςαν
950 791 1211 834 ἐξαμαρτάνειν.

189 843 227 874 111
248 842 505 884 interpretandis
520 841 583 875 his
603 843 713 876 verbis
733 843 883 875 Electrae
903 842 985 874 mihi
1004 842 1159 875 videntur
1179 842 1320 875 editores
1341 852 1362 874 a
1382 851 1482 875 sensu
1502 831 1505 833 Δ

187 893 305 933 poetae
325 892 424 934 longe
442 892 605 924 aberrare.
637 892 825 925 Wunderus
846 891 1008 924 dicentem
1023 891 1103 924 facit
1116 891 1296 924 Electram‚
1317 887 1480 933 ‘profecto
1529 929 1532 931 ,
1591 888 1593 890 ’

186 941 343 973 miserum
359 942 419 981 est,
440 951 524 983 quae
540 943 628 974 recte
649 941 738 974 dicat
751 951 817 973 non
831 942 920 973 recte
939 937 1065 973 facere'
1072 953 1080 982 3
1101 941 1136 972 in
1151 940 1293 978 editione
1313 951 1334 973 a
1349 940 1481 973 Schnei-

188 990 316 1022 dewino
338 991 372 1022 et
385 989 536 1022 Nauckio
557 991 674 1022 curata
694 990 747 1022 hic
767 999 882 1022 sensus
902 985 1113 1031 proferturz‘
1121 989 1278 1021 miserum
1299 990 1358 1029 est,
1378 989 1421 1021 ab
1441 999 1480 1022 eo

188 1038 240 1071 cui
259 1039 342 1071 bene
364 1039 515 1071 consulas
535 1050 601 1072 non
621 1035 757 1072 audiri'.
794 1038 833 1072 Θ.
854 1038 1008 1071 Wolffius
1028 1038 1177 1071 adnotat:
1199 1034 1304 1079 ‘quod
1323 1039 1357 1070 te
1378 1038 1479 1071 verba

187 1098 261 1120 mea
280 1098 346 1120 non
366 1089 514 1128 movent,
540 1088 598 1121 sed
618 1089 659 1120 ad
680 1088 811 1120 irritum
832 1084 980 1120 cadunt’.
1015 1087 1165 1129 Apparet
1184 1089 1316 1142 poetam
1332 1087 1481 1120 voluisse

186 1136 307 1168 dicere:
339 1133 501 1177 profecto
538 1137 710 1178 indignum
742 1138 794 1168 est
823 1136 933 1168 verbis
963 1138 1113 1168 utentem
1138 1135 1293 1176 speciosis
1323 1145 1478 1176 perverse

189 1180 297 1226 loqui’
300 1209 308 1217 .
340 1184 406 1217 Cfr.
422 1185 501 1217 Eur.
517 1185 596 1217 Hec.
615 1187 705 1218 1191
725 1183 781 1217 καὶ
802 1183 845 1225 μὴ
867 1175 1033 1218 δύναςθαι
1049 1180 1162 1216 τᾶδικ’
1183 1181 1222 1217 εὖ
1244 1182 1360 1224 λέγειν
1381 1181 1478 1218 ποτέ.
1525 1182 1536 1193 ‘

262 1234 312 1265 El.
333 1235 425 1265 1142
453 1231 591 1274 (μικρὸς
612 1232 795 1275 προςήκει(
816 1230 921 1272 ὄγκος
942 1231 982 1266 ἐν
1003 1233 1130 1276 (μικρῷ
1151 1231 1253 1265 κύτει.

188 1282 284 1313 Hunc
314 1282 423 1313 locum
455 1282 567 1314 adfero
596 1282 727 1323 glossae
757 1282 916 1323 Hesychii
946 1291 1044 1313 causa
1074 1279 1191 1314 κύτος·
1222 1280 1332 1321 ςῶμα,
1364 1278 1479 1321 ὄγκος,

189 1327 345 1370 χώρημα,
364 1327 479 1371 βάθος.
506 1330 656 1372 Apparet
671 1331 757 1363 enim
774 1341 846 1362 eam
862 1330 1006 1372 glossam
1022 1341 1061 1362 ex
1077 1330 1199 1363 scholio
1215 1330 1313 1362 huius
1328 1329 1479 1362 Electrae

185 1381 306 1412 versus
326 1380 587 1421 conglutinatam
612 1391 698 1421 esse,
729 1380 820 1412 ouius
845 1381 959 1412 auctor
983 1379 1264 1420 interpretabatur
1290 1375 1396 1418 ὄγκος
1419 1389 1480 1421 per

186 1428 298 1469 ςῶμα,
325 1426 428 1462 κύτος
448 1440 507 1470 per
528 1426 693 1472 χώρημα,
719 1431 819 1471 atque
840 1440 914 1462 cum
935 1428 1053 1461 suidas
1074 1428 1243 1470 Sophoclis
1264 1438 1396 1461 versum
1421 1427 1478 1461 ad-

186 1478 331 1509 scribens
352 1478 497 1519 glossam
517 1478 676 1518 praebeat
696 1475 817 1517 ὄγκος·
842 1475 884 1509 τὸ
908 1474 1028 1518 βάρος,
1054 1477 1113 1509 illa
1132 1477 1343 1519 Hesychiana
1363 1488 1403 1509 ex
1427 1477 1478 1509 his

185 1526 313 1569 duobps
340 1526 471 1558 scholiis
496 1527 676 1568 repetenda
701 1526 869 1559 videntur:
901 1523 1041 1558 κύτος·
1068 1523 1238 1567 χώρημα
1266 1543 1307 1548 -
1337 1522 1478 1565 ὄγκος·

188 1571 326 1616 βάρος,
348 1574 468 1615 ςῶμα.

261 1622 341 1655 Oed.
364 1624 400 1655 T.
425 1625 516 1655 1219
554 1621 701 1663 δύρομαι
721 1621 788 1663 γὰρ
810 1620 859 1654 ὡς

552 1669 727 1712 περίαλλα
747 1669 877 1712 ἰαχέων

553 1718 591 1753 ἐκ
613 1717 802 1761 ςτομάτων.

281 1770 330 1801 De
355 1769 456 1802 velbo
484 1767 591 1809 ἰαχέω
622 1771 698 1811 post
723 1770 917 1803 Elmsleium
943 1770 1041 1825 bene,
1069 1770 1126 1801 sed
1151 1760 1216 1802 non
1238 1770 1318 1802 satis
1345 1761 1498 1802 definite'

188 1819 371 1860 disputavit
386 1819 572 1851 Ellendtius
593 1818 629 1851 in
647 1819 708 1851 lex.
722 1818 823 1861 Soph.
844 1830 870 1852 s.
885 1830 915 1851 v.
937 1812 1035 1859 ἰάχω.
1072 1818 1156 1851 Cum
1175 1818 1257 1850 nihil
1277 1818 1341 1851 nisi
1360 1829 1479 1853 nomen

185 1864 310 1907 ἴακχος
331 1867 518 1899 inveniatur
539 1864 633 1910 (Eur.
655 1867 743 1909 Cycl.
761 1869 817 1907 69,
839 1868 913 1907 T1o,
932 1864 1052 1910 1230),
1072 1867 1196 1899 formae
1217 1864 1327 1908 ἰακχή,
1349 1863 1478 1910 ἰακχέμυ

184 1917 296 1958 autem
323 1915 411 1946 omni
437 1916 501 1947 fide
526 1917 672 1955 careant,
704 1916 915 1948 statuendum
940 1916 1085 1958 videtur,
1115 1915 1245 1948 Atticos
1270 1917 1385 1957 poetas
1411 1915 1477 1948 alia
1515 1937 1523 1948 ,

187 1974 344 1999 mensura
364 1963 458 1996 verbi
477 1965 576 2005 atque
597 1964 705 2005 epicos
726 1974 805 1997 usus
827 1975 898 1997 esse
919 1967 953 2000 et
972 1967 1008 1997 ut
1027 1962 1106 2005 ἰᾶχή
1128 1960 1261 2006 (Aesch.
1283 1964 1374 1997 Pers.
1396 1965 1476 2005 939,

183 2013 260 2044 Eur
287 2013 405 2044 Bacch.
428 2014 511 2067 149,
539 2013 589 2044 ΕΙ.
614 2014 698 2053 143,
724 2013 792 2045 Ιο11.
819 2014 904 2052 499,
932 2012 985 2044 Or.
1010 2013 1118 2052 1473,
1145 2013 1218 2045 Tro.
1241 2014 1326 2053 337,
1352 2012 1476 2045 Phoen.

186 2057 310 2104 1302),
337 2062 384 2093 ita
411 2038 513 2101 ἰάχω
541 2057 648 2105 (ἰάχει
674 2061 752 2093 Eur.
773 2061 846 2094 Hel.
875 2062 983 2101 1486,
1009 2061 1138 2094 Herack
1160 2062 1244 2103 783,
1270 2061 1366 2094 Hero.
1388 2057 1476 2115 349)

177 2107 337 2149 producta
356 2111 461 2148 media
486 2120 668 2150 usurpasse.
703 2109 776 2141 Uno
802 2110 872 2142 loco
898 2112 1065 2151 comparet
1090 2110 1181 2151 opica
1205 2119 1361 2142 mensura.
1386 2101 1475 2150 ἰάχει

184 2158 233 2190 El.
257 2159 336 2190 706.
377 2157 472 2190 Hanc
497 2160 735 2191 conservarunt
758 2158 793 2190 in
818 2158 1008 2199 imperfecto
1032 2159 1145 2199 prima
1163 2157 1326 2198 producta
1348 2152 1475 2198 ῑᾶχον

183 2203 274 2249 (Tro.
304 2207 389 2246 829,
421 2206 475 2239 Or.
506 2203 631 2250 1465),
667 2217 732 2238 non
762 2207 797 2238 in
831 2208 940 2246 futuro
971 2206 1130 2247 ῑᾶχήςω
1163 2203 1259 2250 (Eur.
1289 2206 1364 2239 Tro.
1394 2207 1474 2246 516,

184 2255 305 2288 Phoen.
329 2251 440 2298 1295)
466 2258 495 2287 et
515 2257 633 2288 aoristo
660 2247 813 2295 ῑᾶχηςα
832 2251 928 2299 (Eur.
949 2255 998 2288 El.
1023 2257 1131 2295 1150,
1156 2255 1286 2287 Heracl.
1309 2255 1392 2295 752,
1418 2253 1474 2289 Or.

186 2300 273 2346 826)
292 2305 406 2344 prima
426 2306 579 2344 correpta.
615 2304 793 2336 Per-multis
818 2303 898 2336 locis
919 2303 1017 2336 metri
1037 2314 1140 2338 causa
1155 2304 1195 2336 ex'
1214 2303 1364 2336 Elmsleii
1382 2313 1475 2345 prae-
1523 2324 1528 2330 ι

183 2353 276 2392 cepto
302 2352 430 2384 doricae
457 2352 582 2385 formae
608 2349 676 2393 ἀχή
703 2354 736 2384 et
762 2349 863 2392 ἀχεῑν
888 2352 1121 2385 vocabulorum
1147 2350 1214 2393 ἠχή
1236 2353 1270 2384 et
1293 2349 1394 2393 ἠχεῖν
1413 2363 1474 2394 pro

184 2398 263 2442 ἰαχή
286 2402 320 2432 et
345 2398 458 2442 ἰαχεῖν
478 2401 652 2435 restitutae
673 2403 751 2433 sunt
776 2396 910 2445 (Aesch.
932 2400 1018 2444 Sept.
1043 2402 1128 2442 868,
1149 2401 1228 2434 Eur.
1248 2400 1344 2435 Herc.
1368 2402 1488 2447 1027„
