1616 2762
178 319 249 342 rem
273 308 450 341 Elmsleius
476 309 510 341 et
534 308 707 351 Pflugkius
731 306 865 350 ἥςυχον
889 319 964 343 cum
987 308 1090 343 verbo
1115 307 1239 350 μένειν
1262 346 1266 349 ,

178 358 264 390 alter
283 356 497 398 adiectivum‚
517 357 604 390 alter
617 357 854 391 adverbialiter
873 357 1098 399 accipiendum
1117 367 1191 390 esse
1206 357 1311 391 ratus.

177 406 365 448 opinionem
385 406 558 449 redarguit
577 405 763 449 mugnus,
788 405 934 449 Pfiugkii
952 417 1018 440 non
1039 405 1092 440 est
1114 406 1202 449 quod
1225 404 1475 450 redarguemus.

178 452 388 497 Hartungius
414 455 550 496 scripsit
570 452 736 495 ἡςύχους;
763 455 850 497 quod
875 465 951 487 cum
974 455 1030 488 vix
1053 455 1165 497 aliqua
1187 455 1317 488 ratione
1341 450 1474 489 domei

178 504 295 545 possit,
308 513 369 537 nos
385 501 516 544 ἥςυχον
531 513 572 535 ex
587 503 787 545 glossemate
802 503 993 545 provenisse
1007 505 1043 537 et
1051 513 1212 536 memores
1227 503 1291 536 loci
1301 496 1495 546 Sophocler.

179 552 264 586 Phil.
288 553 357 585 780
382 550 523 592 γένοιτο
547 550 587 584 δὲ
608 551 720 585 πλοῦς
741 548 861 593 οὔριός
881 561 921 585 τε
941 549 1130 594 κεύςταλής
1149 553 1281 594 poetam
1301 552 1496 623 scripsisse-

178 603 349 643 putamus:

356 647 474 689 μένειν
494 646 628 689 ἀνάγκη
650 648 766 682 πλοῦν
786 646 947 689 ὁρῶντας
967 646 1154 690 εὐςταλῆ.

178 698 249 730 Hoc
275 698 363 730 enim
387 698 545 739 aliquem,
572 697 637 730 etsi
661 697 770 730 minus
795 699 886 740 apte,
915 697 1076 731 vocabulo
1107 696 1239 739 ἥςυχον
1262 697 1485 740 interpretari

178 747 342 788 potuisse,
364 747 459 779 docet
478 746 621 788 Hesyeh.
642 744 816 779 εὐςταλεῑ·
837 743 987 788 ἀτρεμεῖ.

278 795 452 828 Glossema
470 795 609 836 denique
630 795 836 836 agnoscimus

227 844 306 877 Eur.
327 844 378 877 El.
400 845 471 877 624
511 840 543 876 τί
564 840 714 884 δρῶνθ’;
736 840 810 885 ὁρῶ
831 841 898 884 γὰρ
918 840 1064 877 ἐλπίδας
1084 842 1121 878 ἐξ
1142 841 1342 885 ἀμηχάνων.

178 892 330 926 Barnesii
350 893 535 925 emendatio
561 889 691 933 ἐλπίδ’,
718 903 815 934 quam
837 903 949 926 omnes
970 893 1113 926 editores
1138 894 1331 934 admittunt,
1356 904 1416 935 per
1436 903 1472 926 se

178 942 283 975 facilis
313 943 365 974 est
389 943 424 973 et
447 941 626 982 probabilis
651 942 792 978 videtur.
832 941 957 974 Verum
983 943 1011 974 si
1041 943 1129 974 locos
1155 942 1470 975 consideraverimus

179 991 293 1032 quales
319 992 398 1022 sunt
422 990 580 1032 Aeschyli
605 990 714 1022 Prom.
735 991 782 1022 59
808 988 924 1022 δεινὸς
950 988 1017 1030 γὰρ
1044 988 1161 1031 εὑρεῖν
1186 987 1247 1023 κάξ
1279 987 1471 1031 ἀμηχᾶνων
1531 1007 1533 1010 <
1559 999 1562 1005 ·

179 1036 327 1080 πόρους,
348 1038 581 1080 Aristophanis
597 1038 681 1080 Equ.
698 1039 767 1071 758
784 1035 947 1071 ποικίλος
968 1036 1036 1079 γὰρ
1057 1036 1145 1079 ἁνὴρ
1166 1036 1230 1071 κάκ
1244 1038 1318 1071 τῶν
1338 1035 1470 1080 ἀμηχά-

178 1096 253 1120 νων
283 1084 418 1128 πόρους
454 1084 651 1128 εὐμήχανος
686 1084 871 1128 πορίζειν,’
893 1087 997 1128 ipsius
1028 1087 1195 1129 Euripidis
1225 1087 1297 1128 Iph.
1328 1085 1469 1120 '121897
1513 1085 1518 1113 ἶ
1545 1083 1587 1133 J

179 1133 327 1176 ἀπόρων
353 1133 468 1176 πόρον
496 1133 663 1168 ἑξανύςας
689 1137 724 1167 et
748 1135 808 1167 illa
834 1146 919 1176 quae
944 1136 1117 1177 quinquies
1143 1137 1318 1168 occurrunt
1341 1135 1415 1168 τῶν
1434 1132 1473 1168 δ’

179 1181 363 1225 ἀδοκήτων
384 1181 499 1224 πόρον
527 1179 612 1223 ηὗρε
634 1180 731 1224 θεός,
757 1185 874 1224 poetae
895 1194 991 1215 suum
1011 1193 1148 1216 acumen
1168 1183 1344 1219 reddemus
1364 1194 1472 1216 emen-
1537 1197 1541 1200 ⁴
1562 1201 1566 1204 ·

178 1233 311 1266 datione
332 1229 406 1273 ὁρῶ
427 1230 495 1273 γὰρ
516 1229 664 1273 εὔπορ’
683 1230 720 1265 ἐξ
741 1229 947 1273 ἀμηχάνων,
968 1232 1130 1274 pluralem
1151 1229 1296 1265 ἐλπίδας
1312 1243 1352 1265 ex
1371 1232 1472 1265 inter-

178 1282 361 1324 pretatione
382 1282 520 1323 pluralis
542 1278 677 1322 εὔπορα
697 1283 894 1323 repetentes.

277 1331 395 1372 Agam.
411 1330 607 1363 489—500
621 1330 699 1362 libri
718 1330 870 1362 tribuunt
885 1329 1179 1373 Clytaemnestrae,
1201 1331 1271 1363 501
1289 1341 1337 1372 sq.
1358 1331 1471 1373 chor-03
1494 1351 1498 1355 -

178 1381 313 1412 cunctos
334 1379 432 1411 choro
452 1378 645 1411 tribuendos
667 1388 738 1411 esse
755 1379 882 1411 censuit
898 1378 1053 1420 Scaliger.
1084 1379 1202 1412 Adhuc
1222 1380 1284 1412 sub
1303 1379 1410 1420 iudice
1429 1379 1472 1411 lis

178 1430 244 1468 est,
275 1438 349 1472 cum
379 1427 585 1469 gravissimis
616 1427 723 1459 causis
754 1427 953 1459 contendant
981 1427 1079 1460 alteri
1106 1426 1408 1469 Clytaemnestram
1435 1428 1472 1460 in
1504 1449 1506 1451 -

178 1486 277 1509 scena
292 1486 373 1516 esse,
395 1476 493 1507 alteri
508 1485 581 1507 eam
596 1486 660 1509 non
682 1475 797 1508 adesse
813 1477 848 1508 et
867 1476 1087 1517 coryphaeum
1108 1486 1167 1508 suo
1183 1486 1273 1509 more
1293 1473 1471 1508 adventum
1602 1474 1613 1482 ⁴

178 1524 349 1566 praeconis
370 1524 574 1556 denuntiare.
609 1524 696 1556 Nam
722 1525 808 1565 quod
830 1526 921 1564 sunt,
946 1525 1003 1565 qui
1028 1524 1104 1556 illos
1124 1535 1155 1557 v.
1176 1525 1303 1557 custodi
1324 1524 1381 1566 qui
1400 1527 1486 1567 pro·'
1513 1516 1518 1524 ⁸

178 1574 291 1614 logum
317 1573 434 1605 habuit
459 1572 530 1604 dari
555 1582 652 1613 posse
677 1573 894 1612 arbitrentur,
925 1583 1100 1613 perversae
1125 1573 1285 1614 opinionis
1311 1573 1471 1605 rationem

178 1622 293 1654 haberi
312 1621 406 1653 nefas
427 1622 488 1653 est.
523 1620 573 1653 Ac
596 1621 739 1662 primum
765 1621 896 1662 quidem
919 1620 1201 1662 Clytaemnestrae
1225 1633 1256 1654 v.
1277 1622 1471 1654 489—500
1536 1614 1611 1662 2²21,

177 1680 383 1712 nequaquam
400 1670 573 1703 convenire
588 1670 752 1711 videntur,
773 1680 847 1703 cum
862 1670 963 1702 verba
977 1666 1060 1710 τάχ’
1075 1668 1256 1711 εἰςόμεςθα
1276 1667 1472 1711 λαμπάδων
1552 1691 1562 1699 -ν
1571 1685 1616 1712 ς,

179 1716 399 1759 φαεςφόρων
415 1718 649 1759 φρυκτωριῶν
664 1727 702 1751 τε
718 1716 775 1750 καὶ
790 1716 902 1759 πυρὸς
918 1716 1149 1758 παραλλαγὰς
1166 1715 1233 1751 εἴτ’
1248 1716 1315 1751 οὖν
1325 1715 1471 1759 ’ἀληθεῖς
1530 1744 1534 1747 »
1565 1714 1616 1766 ’,ζ-ἕ

178 1764 246 1800 εἴτ’
266 1763 461 1807 ὀνειράτων
481 1764 579 1810 δίκην
595 1764 749 1807 τερπνὸν
770 1763 850 1799 τόδ’
865 1764 972 1799 ἐλθὸν
987 1766 1066 1807 φῶς
1087 1765 1272 1807 ἐφήλωςεν
1287 1765 1422 1808 φρένας
1437 1766 1475 1800 et
1548 1762 1616 1812 „52⁴⁴

178 1813 228 1858 ὡς
248 1811 329 1848 οὔτ’
348 1811 503 1848 ἄναυδος
518 1812 600 1847 οὔτε
617 1824 669 1848 ςοι
690 1812 800 1848 δαίων
816 1811 937 1856 φλόγα
952 1813 1038 1856 ὕλης
1054 1812 1172 1856 ὀρείας
1188 1815 1333 1856 ςημανεῑ
1347 1815 1471 1860 καπνῷ
1504 1850 1506 1853 ,

178 1862 291 1904 πυρός
311 1864 353 1896 ad
370 1874 445 1895 eum
464 1864 661 1905 pertineant,
681 1864 738 1905 qui
753 1875 826 1896 cum
846 1865 1035 1905 contemptu
1054 1864 1201 1905 loquitur
1220 1864 1260 1896 de
1281 1864 1397 1897 nuntio
1408 1874 1472 1906 per
1529 1867 1550 1886 ³³³
1569 1875 1609 1905 ,ᾗ

178 1913 290 1954 ignem
315 1912 430 1951 misso,
458 1922 555 1953 quem
581 1911 846 1954 Clytaemnestra
870 1913 943 1954 ipsa
967 1922 1088 1954 magna
1112 1912 1287 1945 verborum
1314 1908 1491 1946 iactantia*

180 1962 367 2003 descripsit,
396 1961 438 1993 ad
464 1971 556 2003 eum,
581 1961 638 2002 qui
663 1972 694 1994 v.
715 1962 784 1994 479
811 1961 894 1993 dixit
918 1958 970 1993 τίς
1000 1957 1070 1994 ὧδε
1097 1959 1245 1994 παιδνὸς
1272 1960 1294 2002 ἢ
1324 1960 1471 2005 φρενῶν
1539 1964 1541 1966 ’

180 2009 393 2051 κεκομμένος
434 2008 573 2051 φλογὸς
614 2008 900 2050 παραγγέλμαςιν
939 2008 1034 2042 νέοις
1075 2008 1283 2050 πυρωθέντα
1324 2007 1471 2051 καρδίαν
1489 2033 1496 2037 -
1528 2032 1532 2035 -
1549 2007 1575 2014 ''
1594 2012 1596 2014 '
1614 2011 1616 2013 '

179 2056 294 2092 ἔπειτ’
329 2056 468 2101 ἀλλαγᾷ
503 2055 615 2098 λόγου
646 2058 783 2099 καμεῖν·
819 2056 983 2098 γυναικὸς
1013 2055 1119 2101 αἰχμᾷ
1148 2057 1274 2099 πρέπει
1305 2057 1375 2100 πρὸ
1405 2059 1472 2092 τοῦ

180 2106 358 2165 φανέντος
380 2091 482 2147 χάριν
502 2105 712 2147 ξυναινέςαι,
738 2107 780 2139 ad
801 2117 876 2139 eum
902 2107 1057 2148 denique
1061 2107 1117 2149 qui
1137 2107 1179 2140 ad
1199 2117 1260 2140 sua
1278 2107 1350 2149 ipse
1368 2104 1472 2141 verba
1523 2121 1529 2149 2

180 2153 229 2188 ῶς
255 2153 334 2188 οὔτ’
360 2152 544 2188 ἄναυδος
570 2181 577 2188 .
599 2152 717 2188 ,ἀλλ’
743 2154 764 2196 ἢ
789 2153 831 2188 τὸ
858 2153 992 2196 χαίρειν
1017 2154 1153 2213 μᾶλλόν
1177 2153 1312 2197 ἐκβάξει
1333 2154 1470 2196 λέγων
1524 2158 1561 2199 ·’-;··’

179 2205 283 2237 refert
302 2215 386 2246 quae
402 2215 432 2237 v.
444 2205 514 2237 583
532 2205 611 2237 dicit
626 2201 819 2245 νικώμενος
835 2201 1023 2243 λόγοιςιν
1039 2202 1103 2238 οὐκ
1118 2201 1313 2245 ἀναίνομαι.
1343 2204 1470 2247 Deinde
1500 2214 1503 2217 ¹
1518 2201 1528 2232 ἶ
1566 2222 1616 2247 m„

180 2254 208 2286 si
229 2253 524 2295 Clytaemnestra'
514 2264 549 2285 m
570 2263 667 2286 scena
688 2254 788 2295 esset,
810 2255 1065 2285 consentaneum
1085 2254 1184 2293 foret,
1205 2263 1398 2295 praeconem
1418 2252 1470 2285 r'e-
1565 2250 1572 2258 ⁸

178 2303 290 2344 ginam
311 2302 448 2344 alloqui,
479 2304 567 2334 certe
587 2303 736 2344 reginam
761 2302 978 2334 laetissimum
1004 2303 1044 2334 de
1069 2303 1178 2335 reditu
1202 2302 1291 2345 regis
1316 2302 1469 2335 nuntium

180 2352 291 2393 aliqua
310 2351 575 2392 interpellatione
596 2352 752 2392 excipere.
788 2352 937 2392 Denique
957 2361 1066 2383 coram
1088 2351 1352 2393 Clytaemnestra
1371 2351 1470 2384 choro
1532 2389 1536 2395 ,
1556 2379 1579 2399 J,

179 2410 245 2432 non
265 2400 380 2432 liceret
400 2410 439 2431 ea
463 2400 610 2440 proferre
636 2410 719 2441 quae
742 2411 771 2432 v.
794 2401 989 2432 546-550
1013 2400 1149 2441 profert.
1185 2399 1246 2432 His
1266 2400 1472 2442 gravissimis
1514 2439 1518 2445 -
1541 2395 1616 2449 {fs
