1616 2762
686 251 689 253 Β
812 251 814 253 ‚
986 250 989 251 γ
1026 187 1063 233 νν
1077 196 1134 233 εἰς
1150 195 1242 241 ὅπερ
1262 178 1372 244 ἥκεις·

316 325 320 329 ,
344 296 422 332 λιὰς
440 307 529 332 ουςα
547 295 637 339 κ6ρα
656 294 918 338 Λακεδαίμονος
938 295 1189 340 ἑγγενέταιςινς

1 329 6 332 ῃ
39 325 46 353 ss
83 392 85 395 .
141 323 255 392 -Ii'efio
259 346 347 379 enim
364 356 463 393 quae
464 347 552 380 inter
566 349 741 388 utramque
754 344 854 378 huius
868 346 932 378 loci
947 346 1145 378 sententiam
1160 346 1343 386 intercedit,
1363 347 1435 378 tum

148 387 286 432 demum
299 391 399 436 plana
418 395 483 428 erit
501 395 531 428 si
550 393 793 436 scripserimus:

322 442 431 486 γνῶθι
451 441 562 484 τύχαν
583 440 717 482 λόγιςαί
736 439 772 475 τ’
793 439 956 483 ἄπορον
975 440 1084 475 κακὸν
1105 439 1154 475 εἰς
1173 440 1262 484 ὅπερ
1283 441 1385 485 ἥκεις.

136 493 215 526 Gfr.
234 491 310 526 Hel.
332 492 403 525 813
424 489 473 525 εἰς
494 488 632 532 ἄπορον
652 489 761 532 ἥκεις·
781 491 837 524 δεῖ
856 489 895 523 δὲ
916 490 1072 532 μηχανῆς
1092 499 1196 523 τινος.

147 554 149 556 ·
223 544 228 548 ’
249 537 302 573 El.
324 541 393 574 337
425 540 572 574 τοιαῦτα
590 536 628 573 δ’
647 536 739 573 ἀλλὰ
758 537 814 573 καὶ
835 538 871 572 ce
891 538 1061 581 βούλομαι
1082 539 1207 572 ποιεῖν.

148 589 325 623 Sexcentas
346 589 563 632 coniecturas,
589 589 709 631 quibus
729 589 782 622 hic
801 590 901 628 locus*
913 590 1061 621 tentatus
1082 590 1146 630 est,
1172 588 1337 630 congessit
1361 590 1437 630 post

144 637 187 672 Ὀ.
205 637 364 670 Jahuium
384 637 562 670 Michaelis.
593 638 716 670 Mirum
736 639 787 670 est
805 637 840 669 id
852 637 1064 670 doctissimos
1085 637 1173 669 viros
1193 637 1329 678 fugisse,
1349 637 1436 678 quod

148 686 291 728 primum
322 686 463 718 occurrit
491 686 628 728 ipsaque
657 686 721 718 loci
749 686 889 719 ratione‘
907 685 1148 726 comprobatur.
1192 683 1325 717 Scilicet
1354 687 1437 717 &nter

148 734 296 776 τοιαῦτα
311 730 347 767 δ’
362 737 392 767 et
405 731 497 767 ἀλλὰ
512 736 630 767 lacuna
644 736 813 768 statuenda
828 738 882 771 est,
902 745 1000 776 quam
1017 734 1097 766 dicis
1113 744 1213 766 causa
1228 734 1274 766 sie
1289 734 1434 775 expleas:

320 783 470 816 τοιαῦτα
491 780 527 815 δ’
547 781 663 825 (εἰκὸς
683 781 747 816 οὐκ
767 780 825 823 ἔμ’
845 780 885 816 εὖ
905 782 1056 824 φρονεῖν
1077 779 1188 822 μόνην
1400 796 1402 799 >

324 829 362 864 ἐς
382 829 540 875 καιρόν>,
562 828 653 864 ἀλλὰ
674 830 729 864 καὶ
750 830 786 864 ςὲ
809 829 977 873 βούλομαι
998 831 1123 863 ποιεῖν.

95 920 105 929 .
151 881 290 915 Ε1.354
327 877 412 921 εἶεν,
433 877 575 914 δίδαξον
596 869 644 922 δή
660 889 716 922 με,
737 880 802 913 τοῦ
826 877 929 921 χάριν
948 877 1056 912 τίνων

94 944 97 947 *
326 926 448 962 ἔθυςεν
469 927 593 970 αὐτήν;
615 926 771 970 πότερον
791 925 958 969 Ἀργείων
978 926 1084 969 ἐρεῑς;

326 974 410 1010 ἀλλ’
429 975 473 1011 οὐ
493 978 600 1019 μετῆν
620 975 753 1011 αὐτοῖςι
773 976 837 1019 τήν
858 974 896 1017 γ’
916 975 1002 1018 ἐμὴν
1023 976 1173 1009 κτανεῖν.

149 1026 262 1059 Verba
285 1026 350 1059 τοῦ
381 1023 483 1067 χάριν
507 1024 615 1060 τίνων
639 1027 694 1060 vix
723 1026 873 1068 intellegi
903 1027 1051 1067 possunt.
1090 1025 1176 1057 Nam
1203 1026 1231 1057 si
1256 1025 1438 1058 sententiae

75 1065 80 1066 ⁷
124 1079 129 1082 '
151 1076 229 1117 apte
258 1075 486 1116 interpreteris
517 1072 626 1107 ‘cuius
657 1075 766 1117 gratia
800 1071 912 1107 luens'
943 1076 1042 1115 atque
1072 1072 1179 1106 τίνων
1211 1074 1280 1106 sine
1311 1074 1438 1107 obiecto

150 1124 295 1165 positum
313 1125 425 1165 putes,
444 1124 478 1156 id
499 1125 541 1156 ab
561 1134 624 1156 usu
643 1124 737 1157 verbi
755 1121 863 1156 τίνειν
883 1123 1059 1155 abhorrere
1079 1123 1218 1155 videtur.
1250 1122 1306 1154 Sin
1328 1119 1437 1154 ‘cuius

99 1177 102 1180 ’
150 1172 294 1213 gratiam
313 1168 513 1213 rependens'
534 1173 710 1214 intellegas
731 1168 770 1205 cI.
787 1171 825 1204 Ο.
842 1171 912 1205 Col.
930 1173 1021 1204 1203
1040 1169 1079 1204 εὖ
1100 1168 1256 1211 πάςχειν,
1277 1168 1438 1203 παθόντα

151 1217 188 1253 δ’
217 1217 282 1254 οὐκ
312 1217 510 1254 ἑπίςταςθαι
540 1218 663 1262 τίνειν,
693 1221 802 1253 minus
831 1221 916 1253 ratio
943 1220 1117 1253 verborum
1147 1216 1231 1252 ἀλλ’
1257 1217 1300 1252 οὐ
1331 1220 1438 1260 μετῆν

111 1305 118 1308 ,
151 1266 284 1302 αὐτοῖει
304 1268 368 1310 τήν
387 1266 426 1309 γ’
446 1268 532 1311 ἐμὴν
552 1270 692 1303 κτανεῖν
718 1269 863 1311 expediri
887 1271 1007 1311 potest.
1041 1269 1157 1310 Itaque
1183 1269 1211 1300 si
1235 1269 1320 1300 liber
1340 1268 1438 1301 Laur.

43 1318 49 1325 “
80 1357 84 1359 λ
150 1329 171 1351 a
189 1328 290 1350 manu
314 1318 421 1359 prima
446 1319 585 1351 haberet
609 1316 717 1358 τίνος,
745 1328 770 1350 a⁴
784 1328 885 1350 manu
904 1317 1096 1350 correctoris
1116 1314 1238 1357 τίνων,
1264 1319 1439 1357 appareret

150 1363 246 1399 τίνος
266 1376 306 1398 ex
323 1366 594 1407 interpretatione
614 1366 754 1398 nominis
774 1366 838 1398 τοῦ
859 1366 965 1407 repeti
985 1365 1113 1398 debere.
1149 1365 1246 1397 Nunc
1265 1372 1344 1397 vero
1365 1375 1439 1397 cum

150 1412 257 1453 τίνων
281 1414 385 1456 proba
409 1415 521 1456 lectio,
547 1412 642 1448 τίνος
662 1416 773 1447 autem
794 1414 835 1447 ab
862 1415 909 1447 eis
935 1413 1158 1456 grammaticis
1179 1415 1360 1446 correctum
1387 1413 1438 1453 sit,

151 1463 270 1505 quibus
287 1463 345 1496 et'
337 1463 417 1504 lpsis
435 1440 532 1496 dictio
548 1463 613 1496 τοῦ
629 1461 730 1504 χάριν
746 1461 853 1496 τίνων
863 1463 972 1495 minus
988 1462 1202 1504 probabatur,
1217 1462 1307 1494 aliud
1322 1462 1440 1494 vitium

151 1512 286 1544 subesse
306 1513 560 1544 consentaneum
580 1514 641 1545 est.
675 1512 785 1553 Atque
805 1512 887 1544 mihi
906 1511 1039 1544 videtur
1059 1510 1297 1543 emendandum
1318 1520 1390 1543 esse

327 1556 416 1601 εἶεν,
437 1558 580 1594 δίδαξον
602 1559 644 1601 δή
666 1570 722 1601 με,
743 1560 807 1593 τοῦ
828 1558 962 1601 χρέος
973 1557 1079 1592 τίνων

151 1609 172 1641 i.
193 1620 221 1642 e.
247 1605 356 1641 ‘cuius
381 1620 500 1642 noxam
524 1606 645 1642 luens’.
687 1608 753 1642 cfr.
779 1609 898 1642 Aesch.
926 1609 989 1650 Ag.
1020 1605 1262 1649 δημοκράντου
1288 1605 1325 1640 δ’
1344 1605 1440 1648 ἀρᾶς

152 1655 238 1690 τίνει
259 1656 373 1698 χρέος.
404 1657 486 1690 Cum
507 1656 610 1698 χρέος
627 1658 741 1690 eodem
755 1658 852 1690 modo
872 1659 973 1699 atque
994 1654 1095 1697 χάριν
1111 1658 1289 1697 usurpetur
1309 1658 1348 1688 ut
1362 1657 1441 1688 Eur.

151 1706 231 1738 Hec.
248 1707 317 1739 892
340 1704 392 1738 ςοὶ
416 1703 480 1738 οὐκ
498 1703 644 1739 ἔλαςςον
665 1705 686 1747 ἢ
707 1703 822 1746 κείνης
843 1704 957 1749 χρέος,
977 1705 1104 1738 facilior
1125 1707 1196 1737 erat
1217 1705 1440 1737 commutatio.

153 1755 205 1788 El.
221 1755 291 1788 459
303 1773 314 1777 —
329 1751 423 1796 οἶμαι
444 1753 507 1796 μὲν
528 1753 606 1796 οὖν,
628 1752 723 1796 οἶμαί
743 1764 775 1787 τι
795 1752 943 1797 κάκείνῳ
965 1753 1073 1795 μέλον

329 1802 463 1844 πέμψαι
483 1801 565 1835 τάδ’
585 1801 671 1846 αὐτῇ
693 1800 930 1843 δυςπρόςοπτ’
950 1800 1122 1843 ὀνείρατα.

155 1851 216 1884 Cui
230 1852 391 1894 ‘probatur
405 1852 526 1885 locutio
543 1848 637 1892 οἶμαι
653 1849 800 1895 κάκείνῳ
822 1849 930 1893 μέλον
946 1851 1059 1883 eodem
1076 1861 1173 1883 sensu
1194 1850 1441 1892 interpretanda

153 1902 252 1943 atque
277 1897 372 1941 οἶμαι
398 1899 454 1934 καὶ
478 1898 602 1944 ἐκείνῳ
622 1899 740 1942 μέλειν
759 1901 828 1941 vel,
853 1902 892 1933 ut
915 1900 1099 1933 accuratius
1125 1900 1244 1941 dicam,
1270 1896 1365 1940 οἶμαι
1390 1897 1440 1932 ὡς

91 1968 95 1970 -
153 1948 210 1981 καὶ
230 1947 353 1992 ἐκείνῳ
374 1947 501 1989 ἔμελεῬ
536 1950 660 1982 Verum
683 1949 755 1991 ipse
780 1949 832 1981 hic
853 1960 968 1981 sensus
994 1945 1090 1989 ‘puto
1112 1949 1211 1980 etiam
1231 1948 1441 1987 illius,inter-

153 1997 255 2030 fuisse
275 2008 315 2030 ea
336 1998 462 2037 somnia
481 1994 631 2031 mittere'
652 2007 769 2039 parum
789 1998 887 2039 aptus
906 1997 1045 2030 videtur.
1081 1995 1143 2028 Vel
1168 1996 1366 2038 glossemate
1386 1997 1440 2028 vel

154 2045 241 2079 falsa
260 2046 411 2088 opinione
432 2045 568 2087 πέμψαι
588 2047 732 2088 positum
753 2056 824 2079 esse
844 2046 988 2079 arbitror
1007 2055 1067 2086 pro
1088 2042 1218 2085 ἐλθεῖν,
1241 2046 1279 2077 ut
1298 2044 1331 2076 in

329 2091 424 2135 οἶμαι
445 2093 509 2136 μὲν
529 2092 608 2135 οὖν,
631 2092 726 2135 οἶμαί
746 2104 777 2127 τι
799 2091 945 2136 κάκείνῳ
967 2092 1074 2134 μέλον

332 2141 475 2176 ἐλθεῖν
495 2140 577 2176 τάδ’
597 2141 685 2188 αὐτῇ
707 2140 942 2184 δυςπρόςοπτ’
963 2139 1127 2182 ὀνείρατα

155 2201 267 2224 casum
288 2192 475 2225 absolutum
496 2192 660 2234 participii
681 2190 789 2233 μέλον
809 2192 1000 2231 habeamus,
1022 2191 1063 2223 de
1083 2202 1147 2232 quo
1169 2191 1226 2223 cfr.
1247 2191 1369 2234 Krueg.
1391 2203 1441 2234 gr.

153 2251 203 2281 gr.
223 2240 240 2272 Ι
260 2239 282 2282 ξ
305 2242 366 2281 56,
389 2243 426 2281 9,
448 2242 486 2281 5,
513 2242 570 2282 qui
588 2242 698 2274 adfert
718 2240 797 2283 Lys.‘
819 2242 879 2282 27,
903 2241 945 2273 16
974 2237 1017 2272 οὐ
1037 2236 1136 2280 δίκην
1157 2238 1253 2280 παρὰ
1273 2240 1346 2273 τῶν
1367 2238 1440 2273 ἀδι-

154 2286 313 2323 κούντων
340 2286 535 2331 λαμβάνετε
561 2287 678 2331 ὥςπερ
704 2287 748 2322 οὐ
775 2290 837 2330 τῆς
861 2286 981 2330 ζημίας
1006 2285 1128 2321 αὐτοῖς
1154 2287 1277 2329 μέλον,
1303 2291 1338 2322 et
1363 2290 1441 2322 Eur.

152 2336 325 2426 1ξφα-«505
353 2334 382 2370 ὦ
408 2335 564 2379 φίλτατ’,
591 2335 660 2379 ἆρα
684 2335 767 2379 κᾶμ’
791 2335 977 2379 ἐπιςφάξαι
1003 2334 1108 2380 τάφῳ
1133 2337 1264 2370 δοκοῦν
1289 2334 1442 2378 Ἀχαιοῖς

177 2384 271 2426 λθες;
