1616 2762
614 245 753 312 ‘quilius
764 278 940 313 personam
956 254 1182 312 spectantibus
1196 268 1254 303 ille
1267 236 1473 302 innotescere

272 313 529 358 <grancona-do
542 316 755 361 χρηςτήριον
776 318 952 354 λιποῦεα.
969 315 1134 360 ,Φοίβου
1154 318 1340 359 προφῆτις.
1370 317 1472 351 Prae-

145 385 150 389 ·
182 361 383 402 mmm
401 369 470 400 erat
492 367 711 408 προφῆτις.
745 368 838 401 Idem
856 369 950 400 mutio>
966 367 1079 402 Aeson.
1099 367 1197 400 Eum
1217 368 1469 408 relmquendum,

168 410 253 450 'nen
272 423 347 447 cum
368 414 517 448 Victorio
543 426 584 448 ex
606 416 713 449 indice
737 420 951 458 personarum
970 413 1106 449 Πυθιάς
1132 416 1385 456 adsumendum,
1411 417 1469 449 sed

182 463 218 496 et
239 458 275 495 in
299 462 517 496 Eumenidum
547 466 581 497 et
610 464 645 496 in
673 464 762 498 Ionis
791 465 932 498 indicem
961 474 1080 498 nomen
1109 465 1284 506 προφῆτις
1313 465 1469 507 recipien-

181 510 262 544 dum
280 509 374 546 duco.

229 559 281 592 El.
302 562 324 593 4
355 559 397 594 τὸ
416 559 484 602 γὰρ
505 559 658 594 παλαιὸν
678 559 807 602 Ἀργος
827 558 993 594 οὑπόθεις
1012 558 1110 603 τόδε,

355 610 416 651 τῆς
437 608 691 651 οἰετροπλῆγοε
712 607 817 643 ἄλεοε
837 606 971 650 Ἰνάχου
992 605 1107 651 κόρης.

355 656 442 699 αὕτη
465 656 515 698 δ’,
536 656 694 699 Ὀρέετα,
714 658 779 691 τοῦ
800 656 1015 691 λυκοκτόνου
1035 659 1120 692 θεοῦ

355 703 469 748 ἀγορὰ
489 705 646 740 Λύκειος·
667 704 729 741 οὑξ
750 703 930 748 ἀριετερᾶε
951 703 988 739 δ’
1008 704 1071 740 ὅδε
1128 738 1129 741 ,

353 753 465 797 Ἥρα(
485 753 506 788 ὁ
527 754 664 789 κλεινὸς
684 752 785 789 ναός·
805 752 841 788 οἶ
861 752 897 788 δ’
917 752 1096 796 ἱκάνομεν,

355 801 501 845 φάεκειν
523 803 689 845 Μυκήνα(
708 802 771 837 τὰ(
792 802 1036 845 πολυχρύεουε
1056 801 1145 844 ὁρᾶν

353 850 585 893 πολύφθορον
605 861 643 885 τε
665 852 765 893 δῶμα
783 851 998 888 Πελοπιδῶν
1017 849 1110 885 τόδε.
1187 881 1208 897 ,

177 899 376 942 Pergratum
392 901 493 934 nobis
518 901 597 937 fecit
620 902 719 943 poeta
742 902 829 943 quod
855 911 986 934 scenam
1010 889 1255 936 accuratissime
1285 902 1466 944 descripsit.

176 948 312 982 Utinam
336 949 430 982 nobis
455 950 571 982 liceret
595 950 743 992 singulas
769 952 880 992 partes
910 950 1059 991 picturae
1084 950 1285 992 distinguere
1310 952 1466 993 recteque

176 998 350 1032 collocare!
375 998 465 1032 Bene
476 999 516 1032 de
531 999 639 1032 haere
655 999 908 1041 disputaverunt
916 999 1094 1042 novissimo
1104 1001 1253 1041 tempore
1263 999 1465 1033 Wieselerus

174 1048 209 1080 in
230 1048 509 1081 commentatione
522 1049 562 1080 de
583 1049 709 1090 aliquot
727 1049 806 1081 locis
828 1048 996 1090 Sophoclis
1017 1048 1162 1081 nondum
1187 1049 1268 1081 satis
1294 1049 1463 1091 explicatis

175 1097 234 1128 aut
257 1098 346 1129 recte
373 1097 554 1129 emendatis
583 1093 668 1140 (Iud.
693 1098 767 1129 lect.
793 1097 860 1130 hib.
886 1096 1034 1138 Gotting.
1063 1093 1173 1140 1875)
1204 1099 1303 1138 atque
1332 1098 1376 1139 is,
1406 1099 1463 1140 'qui

174 1144 348 1177 Wieseleri
373 1146 679 1178 commentationem
703 1145 738 1177 in
758 1145 926 1190 Leutschii
946 1145 1017 1177 Ind.
1037 1145 1155 1178 Philol.
1176 1145 1242 1178 VII
1262 1157 1294 1187 p.
1316 1147 1386 1179 209
1412 1157 1462 1179 re-

174 1194 315 1235 censuit,
345 1204 404 1226 nee
429 1196 540 1227 tamen
571 1195 633 1233 ita,
663 1195 701 1226 ut
726 1194 807 1226 mihi
836 1194 970 1235 quidem
993 1195 1174 1226 sententias
1201 1204 1278 1227 suas
1308 1195 1460 1228 omnibus

66 1243 70 1246 ’
112 1270 115 1275 ,
173 1242 272 1274 rebus
302 1242 581 1283 comprobarent.-
607 1242 805 1274 Wieselerus
836 1242 975 1274 collocat
1004 1242 1119 1274 aedem
1147 1242 1282 1274 Iunonis
1313 1243 1460 1284 Mycenis

132 1298 138 1301 ’
171 1290 356 1332 propiorem
375 1290 410 1323 in
430 1291 572 1331 sinistra,
592 1291 700 1323 forum
715 1290 860 1332 Lyceum
880 1292 914 1323 et
932 1290 1093 1332 templum
1107 1290 1271 1332 Apollinis
1290 1291 1325 1323 in
1345 1292 1460 1325 dextra

171 1349 269 1371 scena
288 1340 449 1379 versatili,
471 1350 653 1381 anonymus
672 1339 910 1377 illefieraeum
930 1349 1032 1381 prope
1049 1339 1177 1381 regiam
1191 1339 1405 1381 Mycenarum
1424 1341 1458 1373 in

161 1384 269 1419 ‘scena
293 1397 428 1429 magna,
453 1388 564 1419 lucum
589 1389 623 1419 et
646 1388 756 1420 forum
775 1387 938 1428 Argivum
961 1388 998 1418 in
1023 1397 1120 1432 scena
1139 1388 1288 1420 versatili
1315 1388 1458 1422 sinistra.

170 1434 283 1479 Nobis,
304 1435 334 1468 si
352 1445 406 1469 res
426 1436 537 1478 aliqua
556 1437 645 1468 certa
664 1435 792 1469 ratione
810 1435 914 1468 statui
933 1435 1040 1476 debet,
1061 1436 1207 1469 videntum
1222 1437 1330 1469 omm‘a
1345 1446 1382 1470 ex
1395 1447 1459 1470 usu

169 1494 281 1518 scenae
299 1485 458 1531 versatiliq
477 1486 645 1526 repetenda
665 1488 750 1518 esses
774 1484 858 1517 Cum
877 1485 1010 1518 sinistro
1031 1485 1124 1517 aditu
1143 1485 1174 1517 ei
1194 1487 1381 1528 uterentur,
1401 1487 1458 1528 qui

169 1543 210 1565 ex
229 1533 311 1565 urbe
330 1533 404 1576 ipsa
422 1534 477 1566 vel
495 1534 576 1566 loeis
597 1544 672 1566 cum
691 1533 773 1565 urbe
793 1533 972 1569 coniunctis
992 1533 1184 1573 veniebant,
1204 1535 1320 1566 dextro
1341 1535 1380 1573 ei,
1401 1535 1459 1576 qui

153 1590 306 1626 'peregre
326 1582 538 1622 accedebant,
563 1582 599 1614 in
619 1582 753 1614 sinistra
773 1592 870 1615 scena
889 1582 1039 1615 versatili
1057 1582 1140 1614 nihil
1165 1582 1299 1625 depingi
1318 1585 1458 1625 poterat,

167 1630 256 1672 quod
279 1641 346 1664 non
370 1631 413 1663 ad
441 1631 548 1672 ipsam
572 1632 689 1664 urbem
713 1631 906 1672 pertineret,
936 1641 1042 1672 neque
1070 1631 1166 1663 aedes
1192 1631 1326 1664 Iunonis
1350 1642 1457 1674 neque

167 1679 275 1713 forum
301 1679 453 1721 Lyceum.
489 1678 621 1712 Orestes
649 1681 749 1721 atque
775 1680 845 1711 eius
871 1679 1004 1712 comites
1034 1689 1094 1721 per
1118 1679 1268 1721 dextram
1297 1681 1457 1722 paredum
1490 1688 1491 1691 ’

167 1727 303 1769 adeunt3
319 1728 572 1771 peregrinantur
581 1730 694 1772 autem
708 1738 767 1770 per
777 1729 901 1761 terram
910 1727 1127 1770 Argolidem
1118 1739 1153 1760 m
1164 1718 1279 1761 urbem
1290 1729 1455 1771 Mycenas.

166 1776 283 1818 Itaque
303 1778 347 1810 ad
365 1778 509 1810 dextram
528 1787 655 1810 scenam
673 1778 851 1810 versatilem
870 1778 980 1810 attinet
999 1780 1086 1810 terra
1099 1776 1232 1818 Argolis
1252 1788 1324 1810 cwm
1343 1788 1455 1819 campo

166 1826 310 1859 Inachio.
346 1825 429 1858 Cum
449 1828 561 1859 autem
584 1828 620 1858 in
643 1827 777 1859 sinisbra
801 1835 856 1858 eae
875 1828 990 1867 partes
1014 1827 1104 1858 urbis
1124 1826 1339 1866 Mycenanm
1363 1828 1455 1861 collo-

166 1875 289 1922 candae
307 1876 385 1912 sint,
411 1885 492 1915 quas
512 1885 591 1908 cum-
602 1885 692 1916 rema
707 1875 784 1918 ipsa
803 1875 986 1907 coniwnctas
1006 1883 1071 1907 esse
1090 1875 1190 1907 voluit
1203 1877 1316 1915 poeta,
1344 1877 1454 1909 cetera

165 1920 250 1965 quae
268 1923 363 1956 initio
383 1923 515 1957 fabulae
535 1924 747 1957 afferuntur
738 1935 773 1956 ιιι
791 1933 947 1966 magnam
966 1923 1097 1957 scenam
1117 1923 1323 1966 congerenda
1341 1924 1453 1958 viden-

46 1978 49 1985 ·
75 1969 106 1986 '⁴
164 1972 229 2003 tur.
265 1971 348 2004 Cum
367 1975 491 2006 autem
502 1974 560 2006 illo
577 1975 725 2014 tempore
745 1972 862 2005 Graeci
885 1973 1027 2014 pictores
1049 1982 1088 2004 ea
1106 1983 1191 2013 quae
1213 1973 1329 2013 procul
1348 1973 1452 2014 aspici
1518 1967 1521 1968 ⁷

163 2020 319 2054 volebant
329 2031 460 2054 sursum
470 2021 654 2065 pingerent,
669 2023 705 2054 in
714 2031 808 2054 scena
817 2031 936 2062 magna
950 2021 1045 2053 huius
1059 2021 1190 2061 fabulae
1205 2022 1352 2054 deorsum
1361 2023 1451 2063 νομέα

163 2070 387 2111 Mycenarum,
401 2081 530 2103 sursum
545 2072 580 2103 in
594 2072 707 2104 dextra
715 2073 812 2111 parte
825 2071 933 2111 forwm
942 2069 1100 2110 Argivum
1111 2080 1182 2102 oum
1192 2071 1269 2103 aede
1278 2069 1450 2111 Apollinis,

162 2119 199 2151 in
217 2120 351 2152 sinistra
369 2120 472 2159 paulo
491 2121 599 2153 minus
623 2120 686 2153 alte
704 2119 882 2156 Hermum,
911 2119 993 2159 quod
1016 2119 1099 2151 inter
1118 2117 1225 2160 Aryos
1246 2121 1275 2151 et
1293 2119 1450 2160 Mycenas

163 2168 262 2200 sitm»
275 2170 354 2206 erat,
373 2178 469 2200 sumn
483 2169 592 2201 locum
606 2168 730 2202 habere
744 2170 984 2202 consentaneum
999 2169 1053 2201 est.
1078 2166 1169 2201 Haec
1184 2178 1248 2210 quo
1263 2168 1360 2204 modo
1375 2179 1450 2202 cum

161 2216 208 2249 in·
223 2217 327 2249 verba
350 2218 468 2258 poetae
497 2219 568 2249 tum
598 2218 633 2250 in
657 2217 925 2250 consuetudinem
950 2216 1110 2261 scenicam
1135 2217 1258 2259 optime
1289 2218 1449 2259 quadrare

161 2263 348 2305 videantur,
367 2265 517 2306 pluribus
536 2266 646 2298 verbis
667 2266 784 2299 docere
803 2266 941 2297 non-est
959 2264 993 2296 in
1013 2264 1131 2298 animo.

220 2312 273 2346 El.
294 2306 363 2347 '159
395 2314 529 2357 κρυπτᾷ
549 2311 584 2346 τ’
604 2311 722 2356 ἀχέων
742 2312 783 2347 ἑν
802 2311 870 2356 ἥβᾳ

395 2359 527 2405 ὄλβιος,
548 2361 592 2396 ὃν
612 2360 635 2396 ἁ
655 2361 773 2397 κλεινὰ
