1616 2762
0 584 37 832 “ww-&³³³

26 832 37 836 ι
30 814 33 816 ν
25 756 34 767 ·⁴
26 748 28 750 ·
28 697 32 700 Δ

1395 99 1441 134 17

151 298 289 333 Orneus
307 293 426 341 Pyladi
445 294 535 331 duas
547 298 684 341 exponit
701 308 828 341 causas,
847 309 906 331 cur
923 309 990 331 non
1009 299 1043 331 in
1063 299 1189 342 urbem,
1210 298 1297 332 sed
1288 310 1322 331 m
1342 309 1441 341 agros

152 348 315 395 ammos
335 347 535 389 Argivorum
561 346 763 389 pervener-ite,
789 347 896 380 altera
916 350 981 388 est,
1007 349 1093 389 quod
1120 325 1259 390 qua⁷erat
1284 358 1440 381 sororem.

151 383 270 431 uin-'am
289 397 402 429 autem
417 396 559 438 explicat
572 396 743 438 rationem,
764 406 838 428 cum
853 397 947 429 addit
961 397 1153 429 Electram
1144 408 1179 429 in
1194 397 1439 430 matrimonium

72 438 76 441 ¹
90 428 102 439 ⁹
136 445 286 483 ducum
299 454 372 477 esse
386 454 493 487 neque
509 444 671 486 virginem
685 454 826 477 manere.
857 444 988 478 Scilicet
1002 445 1079 487 quia
1093 446 1214 487 nupsit,
1236 456 1308 478 eam
1324 447 1439 487 procul

79 518 82 520 -
101 527 104 531 ,
124 506 127 510 ’
151 494 233 527 urbe
257 493 408 526 habitare
427 494 683 526 consentaneum
704 495 769 534 est,
794 494 889 535 quasi
909 494 1001 536 virgo
1021 495 1140 527 nobilis
1167 495 1290 527 rustico
1315 495 1440 527 homini

147 542 306 584 'collocari
331 542 447 574 soleat.
486 542 636 583 Apparet
660 542 762 574 verba
791 543 901 574 futilia
925 540 1009 575 οὐδὲ
1039 541 1218 583 παρθένον
1249 541 1366 583 μένειν
1396 543 1438 574 ab

150 590 250 624 sciolo
262 600 378 624 versus
388 587 499 623 mutili
509 590 682 632 supplendi
698 590 808 633 gratia
817 591 946 624 adiecta
956 597 1043 632 θεοὺς
1059 592 1136 633 quid
1152 593 1250 633 poeta
1261 592 1438 633 scripserit,

38 648 48 657 ἢ
103 655 123 673 a
150 638 273 672 efficias
295 649 334 671 ex
354 650 384 672 v.
406 640 475 672 246
493 650 554 681 sq.:

384 687 587 729 Ζευχθεῑςαν
608 685 717 721 οἰκεῖν
737 685 882 731 (ἐνθάδ’
902 685 1168 740 ἄςτεως-ἑκάς)

115 735 122 767 '.
150 746 255 780 Video
267 746 366 780 etiam
376 746 532 779 Weilium
547 747 587 779 de
602 747 793 789 integritate
807 747 955 780 lectionis
965 747 1108 779 traditae
1119 748 1242 779 eisdem
1253 747 1435 780 rationibus

91 795 94 797 ’
149 797 348 829 commotum
369 796 550 835 dubitasse,
577 796 634 828 sed
655 796 742 837 quod
762 796 948 837 proposuit,
975 796 1179 836 ζευχθεῖςαν
1200 793 1336 836 ἐνθάδ’,
1362 797 1394 828 id
1416 807 1436 828 a

149 844 366 886 grammatica
386 844 511 876 ratione
532 844 585 876 vel
604 844 744 876 maxime
765 844 904 876 laborat.

166 900 171 906 ·
203 892 255 925 El.
276 894 347 925 318
465 917 487 922 1.
560 889 644 933 αἷμα
664 889 700 924 δ’
720 890 771 925 ἔτι
791 890 925 933 πατρὸς
945 890 1034 924 κατὰ
1054 891 1177 932 ςτὲγας

384 939 495 981 μέλαν
515 939 678 981 ςέςηπεν·
699 939 739 973 ὃς
760 938 796 973 δ’
816 939 954 973 ἐκεῖνον
974 938 1133 986 ἔκτανεν,

383 987 432 1022 εἰς
452 987 563 1022 ταύτὰ
584 987 714 1031 βαίνων
734 986 864 1031 ἅρματ’·
882 987 1029 1033 ἐκφοιτᾷ
1050 988 1161 1031 πατρί.

54 1060 57 1062 ·
80 1071 93 1075 ⁴-
147 1048 270 1094 Rarum
296 1049 538 1082 accommodata
564 1050 641 1081 sunt
664 1048 766 1081 verba
791 1044 875 1088 αἷμα
895 1045 931 1080 δ’
952 1046 1002 1080 ἔτι
1024 1074 1031 1081 .
1053 1074 1059 1081 .
1082 1047 1228 1089 ςέεηπεν
1253 1050 1454 1096 ηειιϊιιίιίοιή7

148 1107 214 1140 qua
229 1098 387 1138 superbos
407 1097 613 1138 nefariosque
633 1107 741 1129 mores
757 1096 1039 1138 Clytaemnestrae
1061 1099 1095 1129 et
1109 1097 1263 1139 Aegisthi
1282 1098 1437 1130 describit

147 1145 296 1188 Electra,
322 1146 527 1188 interposita.
563 1145 660 1178 Ratio
680 1155 847 1187 nexusque
868 1146 1105 1178 sententiarum
1125 1146 1265 1190 requirit
1289 1143 1374 1186 αἷμα
1400 1143 1437 1178 δ’

148 1192 198 1228 οὐ
212 1193 346 1236 πατρὸς
363 1192 451 1227 κατὰ
466 1192 589 1233 ςτέγας
605 1193 714 1234 μέλαν
731 1192 877 1234 ςέςηπεν
892 1192 933 1226 ὃς
949 1190 985 1226 δ’
1000 1192 1138 1227 ἐκεῖνον
1151 1192 1232 1235 κτὲ.,
1249 1197 1287 1227 ut
1301 1195 1436 1227 Electra

148 1243 248 1284 dicat,
273 1244 413 1276 nondum
432 1243 599 1284 putruisse
620 1243 813 1283 sanguinem
825 1241 954 1284 'pati-is,
981 1252 1056 1275 cum
1076 1243 1257 1285 Aegisthus
1278 1243 1370 1285 regia
1390 1244 1436 1275 iu-

148 1291 255 1334 signia
280 1293 392 1333 aperte
417 1295 532 1333 gerere
558 1291 686 1324 audeat.
726 1291 927 1324 Particulam
953 1288 1004 1324 ἔτι
1029 1292 1311 1333 interpretationis
1337 1302 1437 1325 causa
1471 1321 1478 1330 .,

147 1342 404 1383 superscriptam
428 1340 582 1373 librarius
608 1340 843 1373 correctionem
867 1341 1020 1373 vocabuli
1043 1338 1086 1373 οὐ
1116 1341 1271 1374 habuisse
1297 1341 1436 1374 videtur.

166 1399 226 1431 El.
249 1400 340 1431 1132
379 1395 460 1431 ἀλλ’
481 1395 561 1439 εἶμι,
583 1396 708 1430 παιδὸς
729 1395 875 1438 ἀριθμὸν
896 1396 959 1432 iiie
964 1396 1182 1439 τελεςφόρον

381 1445 472 1481 θύςω
493 1447 611 1481 θεοιςι

126 1481 128 1483 >
147 1496 256 1529 Verba
271 1494 398 1528 παιδὸς
414 1493 559 1536 ἀριθμὸν
575 1493 792 1536 τελεεφόρον
813 1496 853 1528 de
873 1496 998 1527 decimo
1014 1507 1053 1527 ex
1068 1499 1149 1528 natu
1170 1497 1222 1528 die
1242 1497 1330 1528 dicta
1344 1498 1435 1528 nullo

145 1544 241 1576 modo
262 1546 350 1576 recte
367 1555 401 1576 se
421 1544 542 1576 habere
562 1546 710 1585 possunt,
731 1553 930 1585 quamquam
945 1544 1079 1576 fuerunt
1093 1545 1149 1585 qui
1165 1545 1356 1586 intel-legere
1372 1546 1433 1577 sibi

145 1592 344 1626 viderentur.
386 1592 503 1625 Sensui
529 1603 632 1636 unum
658 1592 811 1625 convenit
837 1603 955 1625 nomen
980 1589 1101 1634 ἦμαρ,
1134 1593 1227 1625 cuius
1252 1604 1324 1625 cum
1352 1594 1433 1625 nihil

147 1643 334 1683 superesset
353 1641 417 1674 nisi
437 1641 552 1674 literae
573 1650 656 1682 μαρ,
678 1651 717 1673 ex
738 1641 785 1673 eis
806 1634 953 1681 ἆριθμὸν
974 1642 1126 1673 effectum
1146 1653 1218 1674 esse
1238 1642 1377 1675 videtur.

162 1689 226 1723 El.
250 1691 342 1723 1344
380 1688 499 1722 δεινὸν
519 1687 586 1730 γὰρ
605 1686 706 1730 ἴχνος
729 1686 898 1731 βάλλους’
918 1687 976 1724 ἐπὶ
997 1688 1049 1722 ςοὶ

381 1733 670 1781 χειροδράκοντες
691 1738 811 1780 χρῶτα
830 1736 997 1772 κελαιναί.

246 1798 356 1831 Verba
376 1796 495 1831 δεινὸν
514 1795 614 1838 ἴχνος
637 1795 800 1838 βάλλουςι
820 1808 926 1839 neque
945 1799 1179 1839 grammaticae
1199 1799 1318 1830 rationi
1339 1799 1433 1830 satis-

78 1876 81 1879 .
145 1846 271 1879 faciunt
305 1847 455 1879 futurum
492 1846 632 1887 βαλοῡςι
667 1846 848 1888 requirenti
883 1848 917 1879 et
953 1847 1032 1879 satis
1068 1847 1184 1888 putida
1214 1848 1299 1880 sunt.
1340 1846 1431 1885 Quod

146 1895 319 1929 Jacobsius
340 1895 476 1929 coniecit
495 1892 680 1936 πάλλουςι,
707 1896 740 1927 id
760 1895 948 1928 confirmari
966 1896 1097 1928 videtur
1118 1907 1155 1929 eo
1176 1896 1261 1937 quod
1283 1896 1434 1928 similiter

148 1938 267 1977 Bacch.
284 1946 354 1977 308
371 1944 577 1988 ,Matthiaeus
601 1941 777 1985 βάλλοντα
796 1945 831 1976 in
850 1941 1033 1977 πάλλοντα
1053 1945 1247 1977 emendavit.
1279 1944 1432 1976 Ceterum

144 2002 219 2025 cum
235 1993 334 2035 frgm.
351 1993 461 2035 adesp.
475 1994 554 2035 100,
567 1994 587 2025 6
606 1989 853 2034 ἀμφιβάλλετο
867 1993 903 2026 F.
914 1992 977 2025 Gu.
988 1992 1166 2026 Schmidtio
1181 1993 1213 2025 in
1231 1989 1432 2034 ἀμφιβαίνει

145 2043 234 2075 recte
243 2043 408 2075 mutatum
420 2043 544 2082 ducam,
560 2042 613 2075 hic
624 2052 752 2084 quoque
763 2042 872 2074 nescio
883 2053 925 2074 an
935 2042 1044 2084 aptius
1056 2042 1218 2074 scribatur
1236 2039 1432 2083 βαίνουςῖ

135 2087 185 2122 'In
199 2092 340 2132 utraque
356 2091 581 2123 emendatione
598 2093 727 2132 tempus
742 2101 898 2131 praesens
914 2091 956 2122 ad
970 2091 1135 2123 notionem
1151 2091 1433 2132 appropinquandi

143 2138 300 2180 perfluet,
316 2135 417 2179 ἴχνος
435 2136 566 2180 βαίνειν
577 2141 689 2171 autem
700 2139 814 2172 eadem
824 2138 951 2172 ratione
968 2138 1087 2171 dicitur
1103 2149 1168 2180 qua
1178 2136 1272 2171 πόδα
1290 2136 1432 2180 βαίνειν.

146 2187 297 2230 Vestigio
318 2188 468 2221 horribili
488 2188 726 2230 adgrediuntur
746 2187 864 2220 Fu'riae
884 2188 961 2229 quia
982 2189 1059 2220 sunt
1080 2185 1309 2227 χαλκόποδες.

173 2235 273 2278 Hipp.
297 2237 341 2269 78
378 2234 490 2272 Αἰδὼς
511 2235 549 2269 δὲ
571 2234 769 2277 ποταμίαιςι
789 2234 930 2277 κηπεύει
952 2233 1102 2276 δρόςοις,

377 2282 472 2318 ὅςοις
492 2283 656 2318 διδακτὸν
677 2283 800 2326 μηδέν,
821 2281 904 2317 ἀλλ’
925 2282 964 2317 ἐν
984 2285 1026 2328 τῇ
1047 2282 1149 2326 φύςει

379 2332 422 2367 τὸ
443 2334 642 2376 ςωφρονεῖν
663 2331 802 2374 εἴληχεν
823 2332 872 2366 εἰς
892 2331 936 2366 τὰ
956 2330 1064 2366 πάνθ’
1085 2331 1190 2374 ὁμῶς,

329 2376 340 2386 '
377 2380 516 2416 τούτοις
537 2381 731 2424 δρέπεςθαι.
767 2382 843 2416 τοῖς
863 2382 994 2416 κακοῖςι
1015 2379 1052 2426 3³³
1072 2380 1115 2415 οὐ
1136 2381 1242 2425 θέμις.
