1616 2762
632 586 670 631 Ἰ.
704 599 920 637 Aeschylon.

185 712 367 746 Perss216
517 712 621 746 θεοῦ(
646 711 686 746 δὲ
712 713 950 754 προετροπαῑε
975 711 1172 756 ἱκνουμένη,

312 759 345 795 εἴ
368 771 400 795 τι
426 761 589 803 φλαῦρον
615 758 721 803 εἶδες,
747 759 847 795 αἰτοῦ
871 759 982 796 τῶνδ’
1006 760 1215 805 ἀποτροπὴν
1239 762 1366 807 τελεῖν,

310 808 391 843 ταδ’
411 808 527 850 ἀγαθὰ
546 808 583 843 δ’
603 808 725 851 ἐκτελῆ
746 809 907 851 γενέεθαι
927 808 979 843 coi
999 820 1037 844 τε
1054 810 1110 844 καὶ
1125 811 1237 855 τέκνῳ
1254 810 1362 844 (ἑθεν.

234 859 413 892 Lirbricum
428 861 480 891 est
494 859 577 891 illud
592 870 698 901 genus
714 859 925 901 emendandi,v
935 870 999 901 quo
1014 860 1087 902 quis
1102 860 1173 893 loco
1187 860 1437 902 glossematum.

61 907 85 941 ‚⁵
134 908 279 951 genuina
298 910 413 955 poetae
430 908 531 942 verba
545 908 721 941 restituere
736 910 883 943 conatur.
908 908 971 942 Sed
991 910 1102 942 tamen
1122 909 1242 942 iniuria
1260 909 1294 942 id
1309 920 1330 943 a
1344 910 1423 944 viris

63 978 81 1002 2-
115 958 232 990 -nimis
258 958 380 991 severis
406 958 584 998 contemni,
609 960 743 991 monent
763 958 792 989 ei
817 958 894 998 loci,
920 958 1039 999 quibus
1064 959 1124 991 illa
1147 959 1276 991 ratione
1302 960 1423 1000 specio-

0 1010 31 1065 ᾗ,
82 1015 90 1022 ’
134 1006 264 1038 cissime
288 1016 405 1038 manus
437 1007 554 1047 poetae
578 1006 803 1048 redintegrata
833 1008 892 1038 est.
927 1006 1029 1038 Velut
1053 1007 1117 1048 Ag.
1141 1008 1211 1039 150
1235 1006 1423 1040 Dindorfius

119 1055 301 1097 praeclare
321 1052 504 1098 ἐχενῃῒδαε
530 1051 679 1088 ἀπλοίας
704 1054 845 1088 mutavit
864 1054 899 1087 in
918 1052 1101 1096 ἑχενηῖδαε
1127 1052 1246 1096 αὔρας.
1281 1055 1330 1089 Ib.
1351 1057 1420 1090 677

94 1094 97 1098 ’
133 1103 211 1136 libri
230 1104 355 1137 habent
369 1101 425 1136 καὶ
440 1102 556 1137 ζῶντα
571 1101 627 1136 καὶ
649 1101 839 1144 βλέποντα;
859 1104 893 1135 id
913 1104 1000 1145 quod
1017 1105 1118 1145 'poeta
1133 1104 1266 1145 scripsit
1280 1102 1422 1145 χλωρόν

133 1144 171 1185 τὲ
197 1150 254 1185 καὶ
280 1150 471 1193 βλέποντα,
502 1152 688 1194 Hesychius
713 1152 928 1185 conservavit.
966 1152 1045 1186 Eur.
1070 1152 1149 1185 Hec.
1169 1154 1241 1186 454
1268 1153 1303 1185 in
1327 1153 1422 1186 libi-is

134 1201 277 1242 optimae
297 1203 394 1234 notae
415 1199 521 1241 φαεὶν
541 1197 730 1233 Ἀπιδανὸν
749 1198 854 1233 πεαα
875 1198 1061 1241 λιπαίνειν,
1081 1202 1117 1233 in
1136 1202 1210 1233 aliis
1231 1210 1268 1242 φ.
1290 1198 1337 1234 Ἀ.
1357 1200 1420 1234 τὰ(

132 1247 221 1289 γύας
256 1249 284 1281 λ.
315 1250 487 1291 leguntur3
524 1249 731 1280 Hermannus
765 1249 933 1291 reparavit
967 1247 1073 1290 φαεὶν
1108 1246 1298 1282 Ἀπιδανὸν
1332 1248 1421 1289 γύας
1461 1287 1467 1292 ‚

65 1327 68 1334 ¹
133 1295 315 1331 λιπαίνειν.
355 1298 454 1340 Hipp.
476 1298 544 1331 526
577 1297 720 1340 optimus
749 1297 834 1331 liber
862 1298 1049 1331 Marcianus
1078 1295 1172 1331 ὅετιε
1198 1295 1329 1333 ετάζειε
1359 1310 1419 1342 pro

133 1345 267 1381 ετάζων
296 1349 443 1389 praebet.
477 1346 570 1385 Quod
595 1358 715 1380 nomen
739 1358 779 1379 ex
802 1347 873 1380 Ion.
895 1349 965 1380 700
995 1348 1151 1388 expunxi,
1186 1345 1285 1380 πόειε
1315 1345 1352 1380 δ’
1382 1351 1421 1381 ut

131 1395 413 1437 interpretationis
438 1396 509 1427 loco
535 1395 578 1426 ad
602 1393 623 1427 ὃ
649 1391 685 1426 δ’
710 1395 927 1436 adscriptum,
956 1395 1044 1427 idem
1069 1395 1225 1428 Androm.
1247 1396 1316 1428 856
1345 1406 1420 1429 cum
1465 1415 1469 1418 ·

17 1426 21 1430 ’
83 1435 92 1440 “
131 1444 202 1486 ipso
231 1443 514 1486 interpretationis
551 1443 669 1476 indicio
700 1441 834 1484 δηλαδὴ
864 1444 898 1476 in
928 1443 1062 1486 optimis
1093 1445 1128 1477 et
1157 1445 1289 1486 praeter
1318 1456 1419 1478 unum

131 1493 281 1526 omnibus
301 1493 395 1525 libris
415 1493 547 1534 legitur.
583 1492 674 1525 Haec
694 1492 871 1526 sufficiunt.
907 1493 1076 1525 Eiusmodi
1096 1495 1208 1525 autem
1227 1494 1420 1535 interpreta-

58 1550 77 1566 ss
128 1541 275 1574 tionibus
300 1542 506 1582 inquinatam
531 1551 603 1572 esse
629 1541 819 1572 memoriam
843 1541 1017 1582 librorum,
1043 1543 1342 1583 argumentossunt
1365 1543 1419 1575 vel

129 1590 258 1623 numeri
273 1589 493 1623 claudicantes
508 1600 607 1622 sensu
622 1589 751 1631 integro
767 1589 820 1622 vel
840 1590 942 1622 verba
956 1589 1096 1632 detorta,
1116 1590 1282 1632 languida,
1300 1602 1418 1633 parum

130 1649 212 1673 sana
225 1640 279 1673 vel
289 1639 432 1681 vestigia
447 1639 607 1680 quaedam
623 1638 902 1680 interpolantium.
922 1638 976 1671 Ita
986 1649 1025 1672 eo
1041 1650 1137 1680 quem
1148 1640 1417 1681 praescripsimus
1453 1663 1461 1672 .

129 1688 200 1721 loco
224 1687 289 1720 nisi
308 1688 468 1720 vocabula
492 1684 607 1726 ἀγαθὰ
627 1683 664 1718 δ’
689 1697 728 1719 ex
754 1687 1026 1728 interpretatione
1050 1689 1291 1729 repeterentur,
1316 1689 1418 1721 nesei-

127 1746 249 1778 remus,
269 1746 334 1778 quo
354 1737 451 1778 pacto
472 1737 546 1768 orta
564 1735 713 1780 putanda
732 1737 842 1768 essent
860 1745 946 1777 quae
965 1735 1042 1768 libri
1061 1735 1184 1768 habent
1199 1732 1280 1769 ταδ’
1299 1733 1416 1777 ἀγαθὰ

129 1782 173 1818 δ’.
209 1785 402 1818 Rectissime
427 1784 531 1826 igitur
556 1785 676 1817 omisso
700 1785 755 1817 vel
779 1795 817 1817 eo
841 1785 929 1825 quod
949 1784 1123 1816 Turnebus
1149 1778 1416 1818 correxit²11Y1>²

128 1830 234 1873 ἀγάθ’
248 1834 303 1866 vel
318 1834 403 1875 quod
419 1833 628 1865 Hermannus
643 1832 770 1864 invenit
783 1829 921 1872 τάγάθ’,
936 1832 1181 1869 Heimsoethius
1196 1833 1229 1864 id
1240 1833 1414 1866 restituere

60 1897 62 1899 ·
96 1910 99 1913 .
128 1883 263 1915 conatus
294 1884 346 1915 est
375 1882 417 1914 ad
447 1882 533 1923 quod
563 1882 730 1924 glossema
757 1877 873 1921 ἀγαθά
902 1881 1090 1923 pertineret.
1132 1880 1278 1914 Coniecit
1301 1884 1413 1916 autem

127 1929 234 1964 κεδνὰ
254 1927 290 1963 δ’
310 1932 349 1963 cl.
365 1930 507 1972 Hesych.
522 1928 642 1963 κεδνά·
663 1927 788 1969 ἀγαθά.
820 1929 884 1962 Sed
904 1931 990 1971 quod
1010 1930 1150 1962 diximns
1170 1931 1332 1963 lubricum
1353 1932 1414 1964 hoc

126 1979 363 2012 emendationis
389 1990 511 2021 genus,
536 1980 570 2011 id
591 1979 731 2011 maxime
753 1978 873 2011 attinet
892 1979 933 2010 ad
959 1978 1114 2010 iudicium
1140 1979 1186 2013 de..
1206 1979 1412 2012 restituendo

125 2029 283 2062 vocabulo
303 2029 473 2061 incertum.
508 2028 595 2060 Nam
615 2028 728 2060 eodem
748 2027 818 2059 fere
837 2027 922 2069 iure,
943 2038 1007 2068 quo
1027 2023 1147 2067 κεδνά,
1169 2028 1283 2060 reduci
1301 2030 1413 2070 potest

126 2074 232 2110 ἐεθλά
257 2078 296 2109 cl.
321 2077 464 2118 Hesyeh.
490 2074 609 2109 ἐεθλά·
639 2073 754 2115 ἀγαθά
785 2078 818 2108 et
844 2076 1012 2108 simillimo
1038 2076 1108 2108 loeo
1134 2075 1233 2116 Soph.
1257 2076 1308 2109 El.
1330 2079 1411 2111 646.

125 2125 251 2158 Verum
275 2126 329 2157 hic
349 2124 538 2166 diligentius
560 2124 589 2156 si
608 2124 920 2156 consideraverimus
942 2133 980 2155 ea
1000 2133 1084 2164 quae
1103 2123 1228 2155 tradita
1248 2126 1339 2166 sunt,
1364 2126 1411 2158 in-

124 2174 320 2216 tellegemus
340 2175 458 2207 neutra
473 2173 699 2206 emendatione
714 2172 877 2215 explicari,
898 2172 983 2205 unde
1003 2168 1085 2204 ταδ’
1104 2173 1214 2205 ortum
1234 2172 1287 2206 sit.
1317 2173 1412 2217 Hanc

123 2224 167 2256 ad
186 2224 415 2255 reminterest
433 2223 522 2264 quod
540 2222 604 2254 viri
623 2222 710 2254 docti
728 2222 894 2261 viderunt,
917 2232 990 2253 cum
1010 2221 1046 2252 in
1064 2221 1138 2253 aliis
1153 2222 1318 2254 codicibus
1339 2225 1410 2255 tum

58 2287 60 2289 >
123 2271 159 2304 in
178 2271 263 2304 libro
278 2271 423 2304 Mediceo
433 2270 590 2313 Aeschyli
605 2280 701 2312 saepe
721 2270 864 2312 genuina
879 2271 912 2301 et
927 2280 966 2301 ea
985 2280 1068 2311 quae
1085 2279 1125 2301 ex
1131 2269 1409 2315 'interpretatione

123 2321 302 2364 repetenda
320 2322 399 2353 sunt
413 2320 573 2353 vocabula
588 2319 762 2353 commixta
777 2329 863 2362 esse,
884 2320 922 2352 ut
937 2318 1025 2361 Sept.
1046 2329 1075 2352 a.
1095 2318 1154 2352 Th.
1172 2320 1241 2352 952
1263 2319 1297 2352 in
1317 2332 1410 2355 voca-

122 2370 210 2404 bulis
235 2380 277 2410 γε
302 2367 433 2411 δόμους
457 2370 609 2402 relictum
634 2371 686 2402 est
714 2378 756 2408 γε
782 2380 821 2401 ex
850 2369 993 2410 genuino
1022 2365 1165 2408 γενεάν,
1196 2369 1248 2401 cui
1278 2367 1409 2411 δόμου(

478 2436 482 2441 ·
927 2433 928 2436 ’
1156 2425 1172 2452 1
