1616 2762
186 132 232 170 18

181 228 372 262 Dindorfius
402 238 434 261 v.
461 228 560 261 79-
569 229 614 261 81
647 227 784 260 damnat
811 228 852 260 ut
882 226 1037 269 spurios.
1056 218 1221 262 Maxime
1214 220 1290 270 's'
1311 227 1375 273 ἧς,

184 278 328 315 videtur,
354 276 442 318 quod
467 287 498 309 v.
520 277 568 309 80
593 273 636 308 τὸ
657 275 858 317 εωφρονεῖν
879 272 1066 317 εἴληχεν.
1071 268 1198 317 ,ὁμῶέ
1258 271 1262 274 ⁴
1321 274 1329 283 ‘

182 326 292 359 versui
312 326 430 358 Bacch.
452 326 522 358 316
544 322 586 358 τὸ
608 324 809 371 εωφρονεῑν
830 321 964 358 ἔνεετιν
984 321 1034 358 εἰς
1054 322 1099 358 τὰ
1118 320 1227 358 πάντ’
1246 318 1310 358 ἀεί
1323 323 1482 369 Beetiu

182 374 404 408 Kirehhoffius
421 374 625 408 Baccharum
642 384 776 407 versum
791 373 971 407 insiticium
986 373 1120 406 iudicat.
1150 373 1236 406 Nam
1251 365 1477 408 testimenium

182 424 325 465 stobaei,
345 423 402 464 qui
422 423 492 456 flor.
510 424 566 464 74,
583 424 604 455 8
627 423 722 455 ὶ11ιιιιι
742 432 874 455 versum
895 422 1030 464 omittit,
1050 421 1312 464 comprobatur’
1302 431 1376 464 ipso
1392 422 1474 466 loeti,
1500 430 1504 433 ’

182 483 247 514 quo
279 472 306 505 si
336 471 365 504 is
396 481 512 504 versus
542 472 705 512 remanet,
736 471 876 504 moleste
905 470 1045 504 verbum
1075 470 1276 513 εωφρονεῖν
1305 469 1478 513 repetitura

182 521 376 554 Rectissime
391 520 614 554 Kirchhoffius
636 521 751 554 scribit
765 517 831 561 οὐχ
848 517 869 552 ὁ
880 517 1055 553 Διόνυεοε
1071 519 1272 562 εωφρονεῖν
1290 515 1478 561 ἀναγκάζει
1495 548 1499 550 ,
1516 513 1532 541 5?

182 570 350 610 γυναῖκα(
377 567 426 602 εἰ(
451 568 515 610 τὴν
544 567 688 610 Κύπριν,
718 566 801 602 ἀλλ’
822 567 861 602 ἐν
882 570 924 613 τῇ
950 567 1053 610 φύεει
1078 568 1201 608 τοῦτο·
1229 568 1373 601 (κοπεῖν
1401 567 1478 610 χρή.

183 619 269 651 Nam
290 619 465 651 coniuncta
483 618 591 650 τοῦτο
613 618 755 651 εκοπεῑν
780 616 846 659 χρή
871 618 932 650 hoc
957 618 1029 651 loco
1053 617 1259 650 incommoda
1279 617 1366 650 eunt.
1405 617 1477 650 Iam

183 669 262 700 licet
276 678 409 701 versum
425 667 629 699 Baccharum
645 667 687 699 ad
700 662 779 698 'eum
797 677 895 708 quem
911 667 1085 699 attulimus
1105 667 1215 699 locum
1229 666 1329 708 Hipp.
1344 665 1476 699 resen-e.

183 717 279 749 Hunc
301 715 489 748 emendavit
507 715 689 754 Porsonue,
716 726 790 747 cum
815 711 907 747 δετι(
932 725 992 756 pro
1018 711 1112 748 ὅεοι(
1137 714 1278 756 scripsit.
1318 715 1367 747 At
1391 724 1477 747 nune
1517 743 1519 745 .

187 765 410 822 cognoscitur,
431 774 490 796 nos
511 762 763 804 dittoyraphiam
780 774 863 805 quae
884 763 1003 796 dicitur
1022 763 1158 796 habere:
1179 759 1291 796 ὅετιε
1312 760 1477 798 διδακτὸν

184 812 304 856 μηδέν,
325 809 408 845 ἀλλ’
429 810 468 845 ἐν
484 813 526 856 τῇ
543 810 646 853 φύεει
661 809 703 844 τὸ
720 811 920 853 εωφρονεῖν
942 808 1113 853 εἴληχεν
1133 809 1183 844 εἰ(
1198 809 1242 844 τὰ
1257 807 1367 845 πάνθ’
1382 808 1478 851 δμῶε

184 865 217 894 et
237 859 352 894 ὅεοιε
374 859 540 894 διδακτὸν
561 859 684 901 μηδέν,
705 857 789 893 ἀλλ’
808 858 849 893 ἐν
864 861 906 904 τῇ
923 859 1024 901 φύεει
1040 859 1082 893 τὸ
1098 860 1299 901 εωφρονεῖν
1314 857 1333 892 ἔ
1340 869 1479 893 νεετιν

186 908 236 943 εἰ(
257 908 301 942 τὰ
322 907 432 942 πάντ’
452 907 515 942 ἀεί.
552 910 639 941 Illud
660 911 751 942 recta
770 910 897 942 ratione
917 909 1111 950 praefertur.

203 959 302 1001 Hipp.
324 960 393 991 363
421 956 571 999 ὀλοίμαν
592 955 705 998 ἔγωγε
727 956 810 999 πρὶν
831 956 894 990 εὰν
915 955 1038 999 φιλίαν

420 1004 608 1039 καταλύεαι
629 1006 774 1047 φρενῶν

187 1057 275 1089 Haec
297 1058 349 1089 est
369 1056 569 1106 optimorum
590 1055 748 1087 librorum
771 1055 939 1088 memoria.
969 1055 1037 1088 Alii
1056 1056 1181 1089 codices
1202 1066 1262 1098 pro
1282 1053 1406 1097 φιλίαν
1426 1067 1481 1088 ex-

185 1106 301 1138 hibent
317 1102 436 1146 φίλαν,
453 1115 512 1146 pro
516 1101 726 1144 καταλύεαι,
744 1104 854 1145 quod
845 1115 880 1136 ιιι
895 1103 1092 1146 quibusdam
1108 1104 1297 1137 καταλῦεαι
1313 1102 1488 1145 scribitur,v
1510 1111 1511 1114 ’

184 1152 387 1194 κατανύεαι,
413 1155 590 1195 utrumque
615 1155 655 1185 ut
674 1156 814 1195 apparet
833 1153 930 1185 metri
951 1153 1131 1186 dochmiaci
1150 1153 1347 1186 restituendi
1370 1163 1478 1187 eausa.

185 1204 262 1236 Loci
284 1202 430 1244 corrupti
445 1201 667 1235 emendationi
681 1202 764 1234 nihil
780 1202 985 1243 opitulantur
1003 1202 1140 1242 scholia3
1161 1213 1237 1235 nam
1253 1213 1337 1244 quae
1354 1202 1478 1235 habent

185 1250 374 1284 κατανύεαι
391 1250 550 1291 φρενῶν;
573 1251 778 1290 ετερηθῆναι
794 1251 847 1282 vel
863 1247 1061 1306 ᾁπολοίμην
1077 1248 1159 1291 πρίν
1176 1260 1211 1282 (ε
1228 1248 1478 1283 ἀποθανοῦεαν

185 1298 272 1332 ἰδεῖν
293 1298 349 1332 καὶ
370 1298 550 1339 πληρῶεαι
571 1297 635 1339 τὴν
657 1297 719 1339 (ὴν
739 1296 876 1339 φιλίαν·
897 1297 918 1339 ἢ
940 1296 1022 1339 πρὶν
1043 1297 1078 1331 (ὲ
1100 1297 1164 1340 τὴν
1186 1296 1359 1340 φιλτάτην
1374 1308 1476 1332 κατα

185 1349 283 1381 λῦεαι
299 1347 363 1389 τὴν
380 1345 626 1388 εωφροεύνην·
647 1345 778 1388 ταύτην
793 1345 861 1388 γὰρ
877 1346 1012 1388 φρένα(
1028 1345 1210 1389 ῶνόμαεεν
1225 1348 1278 1381 vel
1298 1347 1477 1389 πληρῶεοίι

185 1395 280 1438 παρὰ
305 1396 370 1437 τὴν
396 1394 537 1436 νύεεαν,
568 1393 589 1428 ὅ
620 1394 690 1428 ἐετι
715 1394 798 1436 πρὶν
824 1395 921 1437 λῆξιν
947 1395 1070 1437 λαβεῖν
1096 1396 1157 1429 (οὓ
1183 1394 1245 1429 τὰ(
1271 1396 1478 1438 προεφιλεῑε

185 1444 335 1486 φρένας,
362 1446 443 1476 haec
470 1444 580 1476 omnia
605 1445 648 1476 ad
672 1453 727 1477 eas
753 1455 835 1486 quas
861 1445 1039 1477 memoravi
1065 1445 1221 1477 lectiones
1246 1444 1413 1486 pertinent
1438 1455 1478 1477 ex

185 1495 301 1536 hisque
334 1504 467 1526 sensum
499 1493 614 1525 elicere
645 1495 805 1526 conantur
834 1493 970 1526 frustra.
1015 1492 1109 1531 Quod
1134 1494 1311 1526 Elmsleius
1342 1492 1480 1527 coniecit

185 1541 267 1584 πρὶν
289 1542 367 1583 (ἂν,
395 1540 496 1583 φίλα,
523 1539 711 1574 κατανύεαι
733 1541 892 1582 φρενῶν,
918 1543 952 1574 id
977 1553 1036 1574 nee
1055 1543 1183 1575 ratione
1204 1543 1398 1575 emendandi
1417 1554 1478 1575 nec

185 1592 349 1624 sententia.
374 1591 631 1623 commendatur.
668 1591 778 1623 Etiam
799 1591 906 1622 minus
933 1591 1137 1631 probabilem
1158 1591 1259 1623 efficit
1280 1592 1476 1623 sententiam

186 1640 295 1672 Weilii
322 1640 509 1672 coniectura
535 1639 710 1671 scribentis
736 1636 819 1679 πρὶν
845 1638 908 1671 (ἂν
940 1635 973 1671 c’
1003 1636 1088 1679 ἔρον
1113 1637 1300 1671 κατανύεαι
1331 1639 1476 1681 φρενῶν

184 1691 284 1730 atque
311 1686 433 1729 φιλίαν
460 1699 499 1720 ex
525 1687 797 1728 interpretatione
822 1687 963 1720 nominis
990 1685 1074 1728 ἔρον
1099 1689 1293 1729 repetentis,
1324 1689 1357 1720 id
1388 1689 1475 1730 quod

184 1738 266 1768 nulli
294 1737 504 1777 persuaserit.
544 1736 590 1767 Et
615 1736 797 1767 sententiae
824 1738 858 1767 et
882 1736 1058 1767 memoriae
1088 1737 1285 1777 optimorum
1316 1737 1476 1768 librorum

183 1785 365 1817 consulitur
385 1785 446 1816 hac
467 1784 708 1816 emendatione:

419 1829 568 1875 ὀλοίμαν
589 1829 717 1873 ἔγωγε,
739 1830 821 1873 πρὶν
842 1830 905 1865 εὰν
926 1829 1080 1874 ὀφλεῖν

418 1879 644 1913 κατάλυειν
665 1881 819 1921 φρενῶν.

184 1930 266 1961 Cum
279 1930 431 1961 Phaedra
445 1929 674 1970 turpissimum
689 1939 833 1961 amorem
849 1930 998 1971 professa.
1013 1930 1066 1970 sit,
1082 1930 1223 1962 feminae
1234 1930 1323 1962 chori
1339 1931 1474 1963 horrore

182 1979 334 2021 perfusae
361 1979 587 2011 abominantur
613 1979 847 2010 dissolutionem
871 1980 985 2011 mentis
1009 1981 1043 2011 et
1072 1979 1268 2021 lubidinem,
1300 1980 1352 2011 cui
1371 1979 1473 2012 illam

183 2028 357 2060 obnoxiam
383 2028 504 2060 vident.
540 2027 647 2059 Notae
675 2029 753 2059 sunt
778 2027 934 2059 dictiones
961 2025 1110 2068 δειλίαν,
1139 2025 1305 2070 ἀμαθίαν,
1330 2025 1474 2068 μωρίαν,

183 2074 324 2115 ἄνοιαν,
346 2073 545 2116 παράνοιαν
566 2072 801 2116 ὀφλιεκάνειν.

202 2125 301 2166 Hipp.
324 2126 393 2157 735
420 2121 563 2164 ἀρθείην
584 2120 622 2156 δ’
643 2121 702 2156 ἐπὶ
722 2121 869 2156 πόντιον

418 2173 507 2212 κῦμα
527 2172 589 2204 τᾶε
609 2169 790 2212 Ἀδριηνᾶε

418 2218 523 2252 ἀκτᾶε
545 2218 733 2260 Ἠριδανοῦ
755 2217 791 2252 δ’
810 2218 915 2261 ὕδωρ.

183 2271 285 2302 Miror
309 2270 396 2311 quod
422 2270 585 2302 neminem
610 2270 718 2301 adhuc
743 2269 917 2301 offendisse
943 2270 1074 2302 videtur
1098 2270 1219 2302 locutio
1245 2268 1303 2302 ἐπὶ
1324 2268 1472 2304 πόντιον

182 2319 272 2359 κῦμα
292 2318 354 2351 τᾶς
376 2315 557 2358 Ἀδριηνᾶ(
583 2316 703 2358 ἀκτᾶε,
729 2328 803 2350 cum
824 2320 932 2350 rectae
959 2319 1085 2350 dicendi
1113 2319 1231 2350 rationi
1253 2320 1340 2351 unda
1359 2321 1471 2355 maris,

182 2378 247 2398 non
263 2368 351 2399 unda
372 2368 474 2399 litoris
489 2367 670 2399 conveniat.
702 2366 941 2408 Corrigendum
961 2368 1041 2408 puto
1061 2366 1123 2400 τᾶ(
1139 2363 1320 2408 Ἀδριηνᾷε
1340 2365 1472 2410 ἅλμα(

182 2417 220 2449 cl.
243 2428 272 2449 v.
295 2417 363 2449 753
386 2413 534 2449 πόντιον
554 2412 635 2457 κῦμ’
655 2413 847 2449 ἁλίκτυπον
867 2413 987 2457 ἅλμας,
