<?xml version="1.0" encoding="UTF-8"?>
<!DOCTYPE html PUBLIC "-//W3C//DTD XHTML 1.0 Transitional//EN"
    "http://www.w3.org/TR/xhtml1/DTD/xhtml1-transitional.dtd">
<html xmlns="http://www.w3.org/1999/xhtml" xml:lang="en" lang="en">
 <head>
  <title>
</title>
<meta http-equiv="Content-Type" content="text/html;charset=utf-8" />
  <meta name='ocr-system' content='tesseract 3.04.00' />
  <meta name='ocr-capabilities' content='ocr_page ocr_carea ocr_par ocr_line ocrx_word'/>
</head>
<body>
  <div class='ocr_page' id='page_1' title='image "4737373_0015.png"; bbox 0 0 1616 2762; ppageno 0'>
   <div class='ocr_carea' id='block_1_1' title="bbox 0 0 1433 923">
    <p class='ocr_par' dir='ltr' id='par_1_1' title="bbox 0 0 1433 923">
     <span class='ocr_line' id='line_1_1' title="bbox 0 0 1433 308; baseline 0 -41"><span class='ocrx_word' id='word_1_1' title='bbox 0 0 1433 308; x_wconf 95' lang='lat' dir='ltr'><strong>    </strong></span> 
     </span>
     <span class='ocr_line' id='line_1_2' title="bbox 0 315 151 415; baseline 0 -55"><span class='ocrx_word' id='word_1_2' title='bbox 0 315 151 415; x_wconf 95' lang='lat' dir='ltr'><strong>   </strong></span> 
     </span>
     <span class='ocr_line' id='line_1_3' title="bbox 0 415 150 515; baseline 0 -52"><span class='ocrx_word' id='word_1_3' title='bbox 0 415 150 515; x_wconf 95' lang='lat' dir='ltr'><strong>   </strong></span> 
     </span>
     <span class='ocr_line' id='line_1_4' title="bbox 0 515 147 923; baseline 0 -324"><span class='ocrx_word' id='word_1_4' title='bbox 0 515 147 923; x_wconf 95' lang='lat' dir='ltr'><strong>   </strong></span> 
     </span>
    </p>
   </div>
   <div class='ocr_carea' id='block_1_2' title="bbox 0 238 1440 2468">
    <p class='ocr_par' dir='ltr' id='par_1_2' title="bbox 0 237 1440 2086">
     <span class='ocr_line' id='line_1_5' title="bbox 274 238 1256 286; baseline 0 -9"><span class='ocrx_word' id='word_1_5' title='bbox 274 256 277 257; x_wconf 44' lang='lat'><em>⁷</em></span> <span class='ocrx_word' id='word_1_6' title='bbox 304 269 307 271; x_wconf 85' lang='lat'>.</span> <span class='ocrx_word' id='word_1_7' title='bbox 324 242 470 278; x_wconf 46' lang='lat' dir='ltr'><strong>Oed.‘*&#39;l⁸:</strong></span> <span class='ocrx_word' id='word_1_8' title='bbox 484 245 580 279; x_wconf 76' lang='lat'>1089</span> <span class='ocrx_word' id='word_1_9' title='bbox 596 238 599 242; x_wconf 83' lang='grc'><strong>’</strong></span> <span class='ocrx_word' id='word_1_10' title='bbox 620 242 686 278; x_wconf 78' lang='grc' dir='ltr'><strong>οὔκ</strong></span> <span class='ocrx_word' id='word_1_11' title='bbox 705 241 774 279; x_wconf 65' lang='lat' dir='ltr'><strong>{cet</strong></span> <span class='ocrx_word' id='word_1_12' title='bbox 792 242 860 282; x_wconf 78' lang='grc' dir='ltr'><strong>τὰν</strong></span> <span class='ocrx_word' id='word_1_13' title='bbox 880 241 1005 286; x_wconf 82' lang='grc' dir='ltr'>αὔριον</span> <span class='ocrx_word' id='word_1_14' title='bbox 1023 242 1256 286; x_wconf 73' lang='grc' dir='ltr'><strong>πανεέληνον.</strong></span> 
     </span>
     <span class='ocr_line' id='line_1_6' title="bbox 158 290 1440 337; baseline -0.002 -11"><span class='ocrx_word' id='word_1_15' title='bbox 158 302 294 334; x_wconf 49' lang='lat' dir='ltr'><strong>„ereum</strong></span> <span class='ocrx_word' id='word_1_16' title='bbox 318 293 447 337; x_wconf 79' lang='lat' dir='ltr'><strong>antistr.</strong></span> <span class='ocrx_word' id='word_1_17' title='bbox 472 292 495 335; x_wconf 82' lang='grc' dir='ltr'>ἢ</span> <span class='ocrx_word' id='word_1_18' title='bbox 520 292 556 327; x_wconf 79' lang='grc' dir='ltr'><strong>εέ</strong></span> <span class='ocrx_word' id='word_1_19' title='bbox 581 303 623 333; x_wconf 87' lang='grc' dir='ltr'><strong>γε</strong></span> <span class='ocrx_word' id='word_1_20' title='bbox 648 290 806 335; x_wconf 80' lang='grc' dir='ltr'>θυγάτηρ</span> <span class='ocrx_word' id='word_1_21' title='bbox 826 291 968 337; x_wconf 80' lang='grc' dir='ltr'>Λοξίου;</span> <span class='ocrx_word' id='word_1_22' title='bbox 1000 293 1052 337; x_wconf 84' lang='grc' dir='ltr'><strong>τῷ</strong></span> <span class='ocrx_word' id='word_1_23' title='bbox 1080 294 1220 336; x_wconf 81' lang='lat' dir='ltr'><strong>palmari</strong></span> <span class='ocrx_word' id='word_1_24' title='bbox 1251 293 1440 325; x_wconf 88' lang='lat' dir='ltr'><strong>coniectura</strong></span> 
     </span>
     <span class='ocr_line' id='line_1_7' title="bbox 145 337 1440 385; baseline -0.001 -11"><span class='ocrx_word' id='word_1_25' title='bbox 145 338 233 382; x_wconf 61' lang='lat' dir='ltr'><strong>&#39;it-ce</strong></span> <span class='ocrx_word' id='word_1_26' title='bbox 253 337 291 381; x_wconf 78' lang='grc' dir='ltr'><strong>γ’</strong></span> <span class='ocrx_word' id='word_1_27' title='bbox 311 338 495 382; x_wconf 84' lang='grc' dir='ltr'>εὐνάτειρά</span> <span class='ocrx_word' id='word_1_28' title='bbox 518 350 574 375; x_wconf 75' lang='lat' dir='ltr'><strong>‘nc</strong></span> <span class='ocrx_word' id='word_1_29' title='bbox 590 340 729 375; x_wconf 87' lang='grc' dir='ltr'>Λοξίου·</span> <span class='ocrx_word' id='word_1_30' title='bbox 753 343 805 385; x_wconf 80' lang='grc' dir='ltr'><strong>τῷ</strong></span> <span class='ocrx_word' id='word_1_31' title='bbox 824 342 986 375; x_wconf 79' lang='lat' dir='ltr'><strong>Arndtius</strong></span> <span class='ocrx_word' id='word_1_32' title='bbox 1007 342 1201 375; x_wconf 77' lang='lat' dir='ltr'><strong>emendavit.</strong></span> <span class='ocrx_word' id='word_1_33' title='bbox 1236 342 1345 374; x_wconf 84' lang='lat' dir='ltr'><strong>Huius</strong></span> <span class='ocrx_word' id='word_1_34' title='bbox 1365 351 1440 374; x_wconf 89' lang='lat' dir='ltr'><strong>con-</strong></span> 
     </span>
     <span class='ocr_line' id='line_1_8' title="bbox 152 389 1438 432; baseline 0.002 -10"><span class='ocrx_word' id='word_1_35' title='bbox 152 389 297 429; x_wconf 75' lang='lat' dir='ltr'><strong>iectnrae</strong></span> <span class='ocrx_word' id='word_1_36' title='bbox 322 390 505 432; x_wconf 74' lang='lat' dir='ltr'><strong>elegantiae</strong></span> <span class='ocrx_word' id='word_1_37' title='bbox 528 390 611 423; x_wconf 82' lang='lat' dir='ltr'><strong>nihil</strong></span> <span class='ocrx_word' id='word_1_38' title='bbox 635 390 738 424; x_wconf 86' lang='lat' dir='ltr'><strong>officit</strong></span> <span class='ocrx_word' id='word_1_39' title='bbox 762 391 828 424; x_wconf 89' lang='lat' dir='ltr'><strong>nisi</strong></span> <span class='ocrx_word' id='word_1_40' title='bbox 852 391 1001 424; x_wconf 84' lang='lat' dir='ltr'><strong>additum</strong></span> <span class='ocrx_word' id='word_1_41' title='bbox 1026 400 1092 430; x_wconf 78' lang='lat' dir='ltr'><strong>¹r1c;</strong></span> <span class='ocrx_word' id='word_1_42' title='bbox 1123 401 1201 424; x_wconf 88' lang='lat' dir='ltr'><strong>nam</strong></span> <span class='ocrx_word' id='word_1_43' title='bbox 1230 391 1291 424; x_wconf 88' lang='lat' dir='ltr'><strong>hoc</strong></span> <span class='ocrx_word' id='word_1_44' title='bbox 1316 390 1438 424; x_wconf 86' lang='lat' dir='ltr'><strong>omisso</strong></span> 
     </span>
     <span class='ocr_line' id='line_1_9' title="bbox 137 437 1436 481; baseline 0 -10"><span class='ocrx_word' id='word_1_45' title='bbox 137 439 282 473; x_wconf 80' lang='lat' dir='ltr'><strong>-demum</strong></span> <span class='ocrx_word' id='word_1_46' title='bbox 302 439 400 481; x_wconf 84' lang='lat' dir='ltr'><strong>plane</strong></span> <span class='ocrx_word' id='word_1_47' title='bbox 414 439 548 472; x_wconf 85' lang='lat' dir='ltr'><strong>evidens</strong></span> <span class='ocrx_word' id='word_1_48' title='bbox 562 439 610 479; x_wconf 79' lang='lat' dir='ltr'><strong>fit,</strong></span> <span class='ocrx_word' id='word_1_49' title='bbox 629 441 669 472; x_wconf 85' lang='lat' dir='ltr'><strong>ut</strong></span> <span class='ocrx_word' id='word_1_50' title='bbox 687 438 709 480; x_wconf 87' lang='grc' dir='ltr'>ἢ</span> <span class='ocrx_word' id='word_1_51' title='bbox 728 438 764 472; x_wconf 80' lang='grc' dir='ltr'><strong>(έ</strong></span> <span class='ocrx_word' id='word_1_52' title='bbox 781 437 1205 473; x_wconf 88' lang='grc' dir='ltr'>ΓΕΥΝΑΓΕΙΡΑΛΟΞΙΟΥ</span> <span class='ocrx_word' id='word_1_53' title='bbox 1220 440 1436 481; x_wconf 85' lang='lat' dir='ltr'><strong>depravatum</strong></span> 
     </span>
     <span class='ocr_line' id='line_1_10' title="bbox 150 485 1438 530; baseline -0.001 -10"><span class='ocrx_word' id='word_1_54' title='bbox 150 487 195 520; x_wconf 83' lang='lat' dir='ltr'><strong>sit</strong></span> <span class='ocrx_word' id='word_1_55' title='bbox 203 487 239 520; x_wconf 88' lang='lat' dir='ltr'><strong>in</strong></span> <span class='ocrx_word' id='word_1_56' title='bbox 247 485 270 529; x_wconf 85' lang='grc' dir='ltr'>ἢ</span> <span class='ocrx_word' id='word_1_57' title='bbox 281 486 317 520; x_wconf 79' lang='grc' dir='ltr'><strong>(ἑ</strong></span> <span class='ocrx_word' id='word_1_58' title='bbox 330 486 352 520; x_wconf 93' lang='grc' dir='ltr'>Γ</span> <span class='ocrx_word' id='word_1_59' title='bbox 353 485 465 521; x_wconf 86' lang='grc' dir='ltr'>ΕΘΥΓ</span> <span class='ocrx_word' id='word_1_60' title='bbox 465 485 757 521; x_wconf 89' lang='grc' dir='ltr'>ΑΤΗΡΛΟΞΙΟΥ.</span> <span class='ocrx_word' id='word_1_61' title='bbox 778 488 849 520; x_wconf 85' lang='grc' dir='ltr'><strong>Ηοο</strong></span> <span class='ocrx_word' id='word_1_62' title='bbox 857 498 931 520; x_wconf 86' lang='lat' dir='ltr'><strong>cum</strong></span> <span class='ocrx_word' id='word_1_63' title='bbox 939 488 1023 520; x_wconf 87' lang='lat' dir='ltr'><strong>bene</strong></span> <span class='ocrx_word' id='word_1_64' title='bbox 1030 488 1252 530; x_wconf 78' lang='lat' dir='ltr'><strong>perspexisset</strong></span> <span class='ocrx_word' id='word_1_65' title='bbox 1258 488 1438 529; x_wconf 73' lang='lat' dir='ltr'><strong>Nauckjus,</strong></span> 
     </span>
     <span class='ocr_line' id='line_1_11' title="bbox 147 533 1438 592; baseline -0.001 -23"><span class='ocrx_word' id='word_1_66' title='bbox 147 535 306 569; x_wconf 72' lang='lat' dir='ltr'><strong>in‘versn</strong></span> <span class='ocrx_word' id='word_1_67' title='bbox 338 536 503 578; x_wconf 86' lang='lat' dir='ltr'><strong>strophico</strong></span> <span class='ocrx_word' id='word_1_68' title='bbox 529 533 652 577; x_wconf 84' lang='grc' dir='ltr'>αὔριον</span> <span class='ocrx_word' id='word_1_69' title='bbox 682 538 874 578; x_wconf 87' lang='lat' dir='ltr'><strong>corruptum</strong></span> <span class='ocrx_word' id='word_1_70' title='bbox 904 547 977 569; x_wconf 87' lang='lat' dir='ltr'><strong>esse</strong></span> <span class='ocrx_word' id='word_1_71' title='bbox 1005 536 1179 569; x_wconf 72' lang='lat' dir='ltr'><strong>intellexit.</strong></span> <span class='ocrx_word' id='word_1_72' title='bbox 1222 537 1332 592; x_wconf 87' lang='lat' dir='ltr'><strong>Atque</strong></span> <span class='ocrx_word' id='word_1_73' title='bbox 1363 536 1438 578; x_wconf 91' lang='lat' dir='ltr'><strong>quis</strong></span> 
     </span>
     <span class='ocr_line' id='line_1_12' title="bbox 1 583 1437 626; baseline -0.001 -8"><span class='ocrx_word' id='word_1_74' title='bbox 1 584 9 597; x_wconf 77' lang='lat'><strong><em>¹</em></strong></span> <span class='ocrx_word' id='word_1_75' title='bbox 25 583 59 614; x_wconf 66' lang='grc' dir='ltr'><strong>ἓ.-</strong></span> <span class='ocrx_word' id='word_1_76' title='bbox 76 594 93 623; x_wconf 61' lang='grc' dir='ltr'><strong>ῥ·</strong></span> <span class='ocrx_word' id='word_1_77' title='bbox 149 584 279 626; x_wconf 75' lang='lat' dir='ltr'><strong>integro</strong></span> <span class='ocrx_word' id='word_1_78' title='bbox 308 585 428 617; x_wconf 89' lang='lat' dir='ltr'><strong>iudicio</strong></span> <span class='ocrx_word' id='word_1_79' title='bbox 453 595 533 617; x_wconf 85' lang='lat' dir='ltr'><strong>usus</strong></span> <span class='ocrx_word' id='word_1_80' title='bbox 562 585 678 626; x_wconf 88' lang='lat' dir='ltr'><strong>ipsius</strong></span> <span class='ocrx_word' id='word_1_81' title='bbox 693 585 875 618; x_wconf 88' lang='lat' dir='ltr'><strong>sententiae</strong></span> <span class='ocrx_word' id='word_1_82' title='bbox 905 585 1014 626; x_wconf 82' lang='lat' dir='ltr'><strong>gratia</strong></span> <span class='ocrx_word' id='word_1_83' title='bbox 1042 585 1126 617; x_wconf 87' lang='lat' dir='ltr'><strong>hanc</strong></span> <span class='ocrx_word' id='word_1_84' title='bbox 1157 585 1342 626; x_wconf 84' lang='lat' dir='ltr'><strong>opinionem</strong></span> <span class='ocrx_word' id='word_1_85' title='bbox 1372 596 1437 617; x_wconf 91' lang='lat' dir='ltr'><strong>non</strong></span> 
     </span>
     <span class='ocr_line' id='line_1_13' title="bbox 29 627 1439 677; baseline 0.001 -12"><span class='ocrx_word' id='word_1_86' title='bbox 29 627 37 635; x_wconf 60' lang='lat'>⁸</span> <span class='ocrx_word' id='word_1_87' title='bbox 148 633 289 666; x_wconf 82' lang='lat' dir='ltr'><strong>maxime</strong></span> <span class='ocrx_word' id='word_1_88' title='bbox 309 633 521 675; x_wconf 77' lang='lat' dir='ltr'><strong>comprobet?</strong></span> <span class='ocrx_word' id='word_1_89' title='bbox 556 634 609 677; x_wconf 80' lang='lat' dir='ltr'><strong>An</strong></span> <span class='ocrx_word' id='word_1_90' title='bbox 630 633 761 666; x_wconf 87' lang='lat' dir='ltr'><strong>credere</strong></span> <span class='ocrx_word' id='word_1_91' title='bbox 786 643 962 675; x_wconf 83' lang='lat' dir='ltr'><strong>possumus</strong></span> <span class='ocrx_word' id='word_1_92' title='bbox 983 632 1177 675; x_wconf 80' lang='lat' dir='ltr'><strong>Sophoclem</strong></span> <span class='ocrx_word' id='word_1_93' title='bbox 1197 644 1271 666; x_wconf 91' lang='lat' dir='ltr'><strong>cum</strong></span> <span class='ocrx_word' id='word_1_94' title='bbox 1290 633 1439 666; x_wconf 81' lang='lat' dir='ltr'><strong>fabulam</strong></span> 
     </span>
     <span class='ocr_line' id='line_1_14' title="bbox 46 682 1437 727; baseline -0.001 -12"><span class='ocrx_word' id='word_1_95' title='bbox 46 722 55 727; x_wconf 23' lang='grc' dir='ltr'><strong>Μ</strong></span> <span class='ocrx_word' id='word_1_96' title='bbox 83 709 98 725; x_wconf 62' lang='lat' dir='ltr'><strong>a</strong></span> <span class='ocrx_word' id='word_1_97' title='bbox 149 682 310 725; x_wconf 73' lang='lat' dir='ltr'><strong>scriberet</strong></span> <span class='ocrx_word' id='word_1_98' title='bbox 329 682 568 723; x_wconf 81' lang='lat' dir='ltr'><strong>computavisse</strong></span> <span class='ocrx_word' id='word_1_99' title='bbox 588 682 642 714; x_wconf 86' lang='lat' dir='ltr'><strong>vel</strong></span> <span class='ocrx_word' id='word_1_100' title='bbox 662 684 851 723; x_wconf 86' lang='lat' dir='ltr'><strong>computare</strong></span> <span class='ocrx_word' id='word_1_101' title='bbox 871 682 1017 723; x_wconf 85' lang='lat' dir='ltr'><strong>potuisse</strong></span> <span class='ocrx_word' id='word_1_102' title='bbox 1042 682 1259 723; x_wconf 86' lang='lat' dir='ltr'><strong>plenilunium</strong></span> <span class='ocrx_word' id='word_1_103' title='bbox 1279 682 1437 723; x_wconf 71' lang='lat' dir='ltr'><strong>postridie</strong></span> 
     </span>
     <span class='ocr_line' id='line_1_15' title="bbox 0 725 1437 775; baseline 0 -12"><span class='ocrx_word' id='word_1_104' title='bbox 0 725 33 775; x_wconf 51' lang='lat'><strong>25</strong></span> <span class='ocrx_word' id='word_1_105' title='bbox 76 725 90 733; x_wconf 56' lang='lat'><strong>&#39;⁴</strong></span> <span class='ocrx_word' id='word_1_106' title='bbox 150 731 220 764; x_wconf 86' lang='lat' dir='ltr'><strong>eius</strong></span> <span class='ocrx_word' id='word_1_107' title='bbox 251 731 333 773; x_wconf 89' lang='lat' dir='ltr'><strong>diei,</strong></span> <span class='ocrx_word' id='word_1_108' title='bbox 364 741 428 772; x_wconf 91' lang='lat' dir='ltr'><strong>quo</strong></span> <span class='ocrx_word' id='word_1_109' title='bbox 457 730 606 763; x_wconf 84' lang='lat' dir='ltr'><strong>fabulam</strong></span> <span class='ocrx_word' id='word_1_110' title='bbox 636 730 792 763; x_wconf 80' lang='lat' dir='ltr'><strong>docturus</strong></span> <span class='ocrx_word' id='word_1_111' title='bbox 816 732 920 774; x_wconf 86' lang='lat' dir='ltr'><strong>esset,</strong></span> <span class='ocrx_word' id='word_1_112' title='bbox 948 730 1121 763; x_wconf 81' lang='lat' dir='ltr'><strong>futurum?</strong></span> <span class='ocrx_word' id='word_1_113' title='bbox 1161 730 1329 769; x_wconf 84' lang='lat' dir='ltr'><strong>Quomodo</strong></span> <span class='ocrx_word' id='word_1_114' title='bbox 1359 741 1437 763; x_wconf 89' lang='lat' dir='ltr'><strong>vero</strong></span> 
     </span>
     <span class='ocr_line' id='line_1_16' title="bbox 16 776 1439 821; baseline -0.001 -9"><span class='ocrx_word' id='word_1_115' title='bbox 16 776 29 790; x_wconf 82' lang='lat'><strong>&#39;‘</strong></span> <span class='ocrx_word' id='word_1_116' title='bbox 149 779 282 812; x_wconf 79' lang='lat' dir='ltr'><strong>affectos</strong></span> <span class='ocrx_word' id='word_1_117' title='bbox 308 788 379 811; x_wconf 85' lang='lat' dir='ltr'><strong>esse</strong></span> <span class='ocrx_word' id='word_1_118' title='bbox 404 780 560 820; x_wconf 88' lang='lat' dir='ltr'><strong>putamus</strong></span> <span class='ocrx_word' id='word_1_119' title='bbox 585 779 712 811; x_wconf 86' lang='lat' dir='ltr'><strong>animos</strong></span> <span class='ocrx_word' id='word_1_120' title='bbox 739 779 971 821; x_wconf 72' lang='lat' dir='ltr'><strong>spectantium,</strong></span> <span class='ocrx_word' id='word_1_121' title='bbox 998 789 1070 811; x_wconf 87' lang='lat' dir='ltr'><strong>cum</strong></span> <span class='ocrx_word' id='word_1_122' title='bbox 1098 779 1206 820; x_wconf 82' lang='lat' dir='ltr'><strong>subito</strong></span> <span class='ocrx_word' id='word_1_123' title='bbox 1231 790 1336 821; x_wconf 89' lang='lat' dir='ltr'><strong>paene</strong></span> <span class='ocrx_word' id='word_1_124' title='bbox 1360 780 1439 811; x_wconf 84' lang='lat' dir='ltr'><strong>ridi-</strong></span> 
     </span>
     <span class='ocr_line' id='line_1_17' title="bbox 149 827 1437 861; baseline 0.001 -2"><span class='ocrx_word' id='word_1_125' title='bbox 149 828 258 860; x_wconf 89' lang='lat' dir='ltr'><strong>culum</strong></span> <span class='ocrx_word' id='word_1_126' title='bbox 277 827 312 859; x_wconf 92' lang='lat' dir='ltr'><strong>in</strong></span> <span class='ocrx_word' id='word_1_127' title='bbox 331 828 464 860; x_wconf 87' lang='lat' dir='ltr'><strong>modum</strong></span> <span class='ocrx_word' id='word_1_128' title='bbox 485 838 525 859; x_wconf 88' lang='lat' dir='ltr'><strong>ex</strong></span> <span class='ocrx_word' id='word_1_129' title='bbox 544 828 681 860; x_wconf 85' lang='lat' dir='ltr'><strong>heroum</strong></span> <span class='ocrx_word' id='word_1_130' title='bbox 701 829 809 860; x_wconf 72' lang='lat' dir='ltr'><strong>aelate</strong></span> <span class='ocrx_word' id='word_1_131' title='bbox 829 828 865 860; x_wconf 90' lang='lat' dir='ltr'><strong>in</strong></span> <span class='ocrx_word' id='word_1_132' title='bbox 883 828 1063 860; x_wconf 86' lang='lat' dir='ltr'><strong>instantem</strong></span> <span class='ocrx_word' id='word_1_133' title='bbox 1082 828 1168 860; x_wconf 89' lang='lat' dir='ltr'><strong>diem</strong></span> <span class='ocrx_word' id='word_1_134' title='bbox 1189 827 1437 861; x_wconf 84' lang='lat' dir='ltr'><strong>conicerentur?</strong></span> 
     </span>
     <span class='ocr_line' id='line_1_18' title="bbox 18 874 1438 918; baseline 0 -9"><span class='ocrx_word' id='word_1_135' title='bbox 18 880 25 889; x_wconf 63' lang='lat'><em>*</em></span> <span class='ocrx_word' id='word_1_136' title='bbox 91 882 99 887; x_wconf 80' lang='grc'><strong>”</strong></span> <span class='ocrx_word' id='word_1_137' title='bbox 148 876 284 909; x_wconf 86' lang='lat' dir='ltr'><strong>Duabus</strong></span> <span class='ocrx_word' id='word_1_138' title='bbox 299 876 404 918; x_wconf 86' lang='lat' dir='ltr'><strong>igitur</strong></span> <span class='ocrx_word' id='word_1_139' title='bbox 418 877 533 911; x_wconf 85' lang='lat' dir='ltr'><strong>causis.</strong></span> <span class='ocrx_word' id='word_1_140' title='bbox 541 874 665 917; x_wconf 85' lang='grc' dir='ltr'><strong>αὔριον</strong></span> <span class='ocrx_word' id='word_1_141' title='bbox 686 877 901 918; x_wconf 86' lang='lat' dir='ltr'><strong>depravatum</strong></span> <span class='ocrx_word' id='word_1_142' title='bbox 921 877 1059 909; x_wconf 80' lang='lat' dir='ltr'><strong>iudicari</strong></span> <span class='ocrx_word' id='word_1_143' title='bbox 1080 877 1187 909; x_wconf 86' lang='lat' dir='ltr'><strong>debet.</strong></span> <span class='ocrx_word' id='word_1_144' title='bbox 1220 877 1329 909; x_wconf 84' lang='lat' dir='ltr'><strong>Facile</strong></span> <span class='ocrx_word' id='word_1_145' title='bbox 1344 877 1438 918; x_wconf 85' lang='lat' dir='ltr'><strong>origo</strong></span> 
     </span>
     <span class='ocr_line' id='line_1_19' title="bbox 149 922 1438 966; baseline 0.001 -10"><span class='ocrx_word' id='word_1_146' title='bbox 149 925 354 966; x_wconf 75' lang='lat' dir='ltr'><strong>corruptelae</strong></span> <span class='ocrx_word' id='word_1_147' title='bbox 379 925 624 966; x_wconf 80' lang='lat' dir='ltr'><strong>explanaretur,</strong></span> <span class='ocrx_word' id='word_1_148' title='bbox 654 925 683 957; x_wconf 87' lang='lat' dir='ltr'><strong>si</strong></span> <span class='ocrx_word' id='word_1_149' title='bbox 713 925 800 966; x_wconf 86' lang='lat' dir='ltr'><strong>quod</strong></span> <span class='ocrx_word' id='word_1_150' title='bbox 826 925 994 957; x_wconf 70' lang='lat' dir='ltr'><strong>Naueldus</strong></span> <span class='ocrx_word' id='word_1_151' title='bbox 1019 926 1157 957; x_wconf 86' lang='lat' dir='ltr'><strong>coniecit</strong></span> <span class='ocrx_word' id='word_1_152' title='bbox 1183 922 1262 965; x_wconf 87' lang='grc' dir='ltr'>αὖρι</span> <span class='ocrx_word' id='word_1_153' title='bbox 1286 927 1376 957; x_wconf 87' lang='lat' dir='ltr'><strong>recte</strong></span> <span class='ocrx_word' id='word_1_154' title='bbox 1403 936 1438 957; x_wconf 86' lang='lat' dir='ltr'><strong>se</strong></span> 
     </span>
     <span class='ocr_line' id='line_1_20' title="bbox 148 972 1437 1019; baseline 0.001 -14"><span class='ocrx_word' id='word_1_155' title='bbox 148 972 295 1006; x_wconf 56' lang='lat' dir='ltr'><strong>haberet.</strong></span> <span class='ocrx_word' id='word_1_156' title='bbox 325 973 431 1005; x_wconf 88' lang='lat' dir='ltr'><strong>Huius</strong></span> <span class='ocrx_word' id='word_1_157' title='bbox 451 973 603 1006; x_wconf 82' lang='lat' dir='ltr'><strong>vocabuli</strong></span> <span class='ocrx_word' id='word_1_158' title='bbox 618 984 720 1005; x_wconf 89' lang='lat' dir='ltr'><strong>unum</strong></span> <span class='ocrx_word' id='word_1_159' title='bbox 735 973 914 1015; x_wconf 86' lang='lat' dir='ltr'><strong>vestigium</strong></span> <span class='ocrx_word' id='word_1_160' title='bbox 937 975 1086 1015; x_wconf 83' lang='lat' dir='ltr'><strong>superest</strong></span> <span class='ocrx_word' id='word_1_161' title='bbox 1104 974 1139 1006; x_wconf 90' lang='lat' dir='ltr'><strong>in</strong></span> <span class='ocrx_word' id='word_1_162' title='bbox 1154 974 1339 1019; x_wconf 74' lang='lat' dir='ltr'><strong>Aeschylea</strong></span> <span class='ocrx_word' id='word_1_163' title='bbox 1358 984 1437 1007; x_wconf 88' lang='lat' dir='ltr'><strong>voce</strong></span> 
     </span>
     <span class='ocr_line' id='line_1_21' title="bbox 149 1019 1436 1064; baseline 0 -10"><span class='ocrx_word' id='word_1_164' title='bbox 149 1019 350 1063; x_wconf 79' lang='grc' dir='ltr'>αὐριβάτηε,</span> <span class='ocrx_word' id='word_1_165' title='bbox 377 1032 475 1063; x_wconf 89' lang='lat' dir='ltr'><strong>quam</strong></span> <span class='ocrx_word' id='word_1_166' title='bbox 495 1022 670 1054; x_wconf 83' lang='lat' dir='ltr'><strong>memoriae</strong></span> <span class='ocrx_word' id='word_1_167' title='bbox 695 1022 912 1063; x_wconf 85' lang='lat' dir='ltr'><strong>prodiderunt</strong></span> <span class='ocrx_word' id='word_1_168' title='bbox 935 1022 1106 1064; x_wconf 84' lang='lat' dir='ltr'><strong>glossaria.</strong></span> <span class='ocrx_word' id='word_1_169' title='bbox 1142 1022 1329 1064; x_wconf 83' lang='lat' dir='ltr'><strong>Hesychius</strong></span> <span class='ocrx_word' id='word_1_170' title='bbox 1350 1023 1436 1055; x_wconf 88' lang='lat' dir='ltr'><strong>enim</strong></span> 
     </span>
     <span class='ocr_line' id='line_1_22' title="bbox 148 1067 1435 1112; baseline -0.001 -8"><span class='ocrx_word' id='word_1_171' title='bbox 148 1081 173 1104; x_wconf 85' lang='lat' dir='ltr'><strong>s.</strong></span> <span class='ocrx_word' id='word_1_172' title='bbox 193 1082 225 1103; x_wconf 88' lang='lat' dir='ltr'><strong>v.</strong></span> <span class='ocrx_word' id='word_1_173' title='bbox 245 1067 433 1111; x_wconf 80' lang='grc' dir='ltr'>αὐριβάταε</span> <span class='ocrx_word' id='word_1_174' title='bbox 453 1071 533 1103; x_wconf 88' lang='lat' dir='ltr'><strong>haec</strong></span> <span class='ocrx_word' id='word_1_175' title='bbox 552 1071 668 1103; x_wconf 82' lang='lat' dir='ltr'><strong>habet:</strong></span> <span class='ocrx_word' id='word_1_176' title='bbox 698 1068 866 1111; x_wconf 74' lang='grc' dir='ltr'>Αἰεχύλοε</span> <span class='ocrx_word' id='word_1_177' title='bbox 891 1069 933 1103; x_wconf 87' lang='grc' dir='ltr'><strong>τὸ</strong></span> <span class='ocrx_word' id='word_1_178' title='bbox 954 1068 1032 1112; x_wconf 86' lang='grc' dir='ltr'>αὖρι</span> <span class='ocrx_word' id='word_1_179' title='bbox 1053 1069 1115 1112; x_wconf 84' lang='lat' dir='ltr'><strong>(sic</strong></span> <span class='ocrx_word' id='word_1_180' title='bbox 1136 1068 1260 1111; x_wconf 86' lang='grc' dir='ltr'>αὔριον</span> <span class='ocrx_word' id='word_1_181' title='bbox 1281 1071 1435 1103; x_wconf 84' lang='lat' dir='ltr'><strong>Pauwius</strong></span> 
     </span>
     <span class='ocr_line' id='line_1_23' title="bbox 0 1117 1436 1163; baseline 0.001 -11"><span class='ocrx_word' id='word_1_182' title='bbox 0 1150 4 1157; x_wconf 68' lang='grc'><strong>,</strong></span> <span class='ocrx_word' id='word_1_183' title='bbox 61 1162 64 1163; x_wconf 19' lang='lat'><em>⁷</em></span> <span class='ocrx_word' id='word_1_184' title='bbox 148 1117 348 1163; x_wconf 79' lang='lat' dir='ltr'><strong>emendavit)</strong></span> <span class='ocrx_word' id='word_1_185' title='bbox 369 1117 427 1152; x_wconf 85' lang='grc' dir='ltr'><strong>ἐπὶ</strong></span> <span class='ocrx_word' id='word_1_186' title='bbox 446 1119 510 1152; x_wconf 86' lang='grc' dir='ltr'><strong>τοῦ</strong></span> <span class='ocrx_word' id='word_1_187' title='bbox 530 1117 808 1161; x_wconf 59' lang='grc' dir='ltr'>ταχέωςτίθηει·</span> <span class='ocrx_word' id='word_1_188' title='bbox 833 1117 891 1152; x_wconf 85' lang='grc' dir='ltr'><strong>καὶ</strong></span> <span class='ocrx_word' id='word_1_189' title='bbox 910 1117 932 1152; x_wconf 88' lang='grc' dir='ltr'>ὁ</span> <span class='ocrx_word' id='word_1_190' title='bbox 952 1117 1059 1152; x_wconf 78' lang='grc' dir='ltr'>αὐτὸ(</span> <span class='ocrx_word' id='word_1_191' title='bbox 1081 1117 1299 1163; x_wconf 76' lang='grc' dir='ltr'>Ψυχοεταείᾳ</span> <span class='ocrx_word' id='word_1_192' title='bbox 1320 1118 1436 1153; x_wconf 69' lang='grc' dir='ltr'>οὕτως</span> 
     </span>
     <span class='ocr_line' id='line_1_24' title="bbox 125 1165 1435 1211; baseline 0 -11"><span class='ocrx_word' id='word_1_193' title='bbox 125 1183 128 1184; x_wconf 45' lang='grc'>’</span> <span class='ocrx_word' id='word_1_194' title='bbox 148 1166 231 1209; x_wconf 81' lang='grc' dir='ltr'>φηεὶ</span> <span class='ocrx_word' id='word_1_195' title='bbox 250 1166 292 1200; x_wconf 87' lang='grc' dir='ltr'><strong>τὸ</strong></span> <span class='ocrx_word' id='word_1_196' title='bbox 318 1165 431 1208; x_wconf 86' lang='grc' dir='ltr'>ὄνομα</span> <span class='ocrx_word' id='word_1_197' title='bbox 450 1167 669 1211; x_wconf 86' lang='grc' dir='ltr'>ταχυβήμων.</span> <span class='ocrx_word' id='word_1_198' title='bbox 704 1169 756 1200; x_wconf 86' lang='lat' dir='ltr'><strong>Ex</strong></span> <span class='ocrx_word' id='word_1_199' title='bbox 780 1169 831 1201; x_wconf 87' lang='lat' dir='ltr'><strong>his</strong></span> <span class='ocrx_word' id='word_1_200' title='bbox 853 1171 887 1200; x_wconf 87' lang='lat' dir='ltr'><strong>et</strong></span> <span class='ocrx_word' id='word_1_201' title='bbox 907 1179 946 1201; x_wconf 89' lang='lat' dir='ltr'><strong>ex</strong></span> <span class='ocrx_word' id='word_1_202' title='bbox 969 1169 1026 1211; x_wconf 87' lang='lat' dir='ltr'><strong>iis,</strong></span> <span class='ocrx_word' id='word_1_203' title='bbox 1051 1179 1135 1209; x_wconf 87' lang='lat' dir='ltr'><strong>quae</strong></span> <span class='ocrx_word' id='word_1_204' title='bbox 1154 1169 1312 1210; x_wconf 85' lang='lat' dir='ltr'><strong>leguntur</strong></span> <span class='ocrx_word' id='word_1_205' title='bbox 1330 1169 1435 1201; x_wconf 81' lang='lat' dir='ltr'><strong>Bekk.</strong></span> 
     </span>
     <span class='ocr_line' id='line_1_25' title="bbox 148 1213 1434 1258; baseline 0.001 -10"><span class='ocrx_word' id='word_1_206' title='bbox 148 1216 260 1250; x_wconf 81' lang='lat' dir='ltr'><strong>anecd.</strong></span> <span class='ocrx_word' id='word_1_207' title='bbox 275 1217 357 1258; x_wconf 85' lang='grc'>464,</span> <span class='ocrx_word' id='word_1_208' title='bbox 374 1218 393 1248; x_wconf 90' lang='grc'><strong>9</strong></span> <span class='ocrx_word' id='word_1_209' title='bbox 417 1213 619 1257; x_wconf 82' lang='grc' dir='ltr'>αὐρίβατον·</span> <span class='ocrx_word' id='word_1_210' title='bbox 640 1214 682 1248; x_wconf 90' lang='grc' dir='ltr'><strong>τὸ</strong></span> <span class='ocrx_word' id='word_1_211' title='bbox 703 1214 782 1257; x_wconf 83' lang='grc' dir='ltr'>αὖρι</span> <span class='ocrx_word' id='word_1_212' title='bbox 803 1215 952 1249; x_wconf 79' lang='grc' dir='ltr'>τιθέαειν</span> <span class='ocrx_word' id='word_1_213' title='bbox 972 1214 1030 1249; x_wconf 89' lang='grc' dir='ltr'><strong>ἐπὶ</strong></span> <span class='ocrx_word' id='word_1_214' title='bbox 1045 1217 1109 1249; x_wconf 87' lang='grc' dir='ltr'><strong>τοῦ</strong></span> <span class='ocrx_word' id='word_1_215' title='bbox 1125 1215 1261 1257; x_wconf 73' lang='grc' dir='ltr'>ταχέως</span> <span class='ocrx_word' id='word_1_216' title='bbox 1281 1214 1346 1249; x_wconf 88' lang='grc' dir='ltr'><strong>οὐκ</strong></span> <span class='ocrx_word' id='word_1_217' title='bbox 1361 1214 1434 1250; x_wconf 84' lang='grc' dir='ltr'><strong>ἀπὸ</strong></span> 
     </span>
     <span class='ocr_line' id='line_1_26' title="bbox 146 1261 1433 1307; baseline 0.001 -11"><span class='ocrx_word' id='word_1_218' title='bbox 146 1265 209 1305; x_wconf 70' lang='grc' dir='ltr'><strong>τῆς</strong></span> <span class='ocrx_word' id='word_1_219' title='bbox 220 1262 329 1305; x_wconf 71' lang='grc' dir='ltr'>αὔρας</span> <span class='ocrx_word' id='word_1_220' title='bbox 339 1262 430 1297; x_wconf 86' lang='grc' dir='ltr'>ἀλλὰ</span> <span class='ocrx_word' id='word_1_221' title='bbox 440 1261 528 1296; x_wconf 89' lang='grc' dir='ltr'>κατά</span> <span class='ocrx_word' id='word_1_222' title='bbox 538 1274 616 1297; x_wconf 89' lang='grc' dir='ltr'>τινα</span> <span class='ocrx_word' id='word_1_223' title='bbox 628 1264 837 1306; x_wconf 87' lang='grc' dir='ltr'>βαρβαρικὴν</span> <span class='ocrx_word' id='word_1_224' title='bbox 848 1264 942 1298; x_wconf 84' lang='grc' dir='ltr'>λέξιν</span> <span class='ocrx_word' id='word_1_225' title='bbox 950 1265 1091 1297; x_wconf 87' lang='lat' dir='ltr'><strong>efficitur</strong></span> <span class='ocrx_word' id='word_1_226' title='bbox 1098 1276 1164 1297; x_wconf 91' lang='lat' dir='ltr'><strong>non</strong></span> <span class='ocrx_word' id='word_1_227' title='bbox 1171 1265 1433 1307; x_wconf 83' lang='lat' dir='ltr'><strong>quodNauckins</strong></span> 
     </span>
     <span class='ocr_line' id='line_1_27' title="bbox 148 1310 1432 1358; baseline 0.001 -13"><span class='ocrx_word' id='word_1_228' title='bbox 148 1313 256 1346; x_wconf 85' lang='lat' dir='ltr'><strong>effecit</strong></span> <span class='ocrx_word' id='word_1_229' title='bbox 277 1312 411 1358; x_wconf 87' lang='lat' dir='ltr'><strong>(Aesch.</strong></span> <span class='ocrx_word' id='word_1_230' title='bbox 436 1313 476 1345; x_wconf 83' lang='lat' dir='ltr'><strong>fr.</strong></span> <span class='ocrx_word' id='word_1_231' title='bbox 490 1310 602 1357; x_wconf 80' lang='lat'>412),</span> <span class='ocrx_word' id='word_1_232' title='bbox 626 1314 785 1346; x_wconf 87' lang='lat' dir='ltr'><strong>vocabulo</strong></span> <span class='ocrx_word' id='word_1_233' title='bbox 811 1311 889 1354; x_wconf 87' lang='grc' dir='ltr'>αὖρι</span> <span class='ocrx_word' id='word_1_234' title='bbox 915 1314 1116 1356; x_wconf 85' lang='lat' dir='ltr'><strong>Aeschylum</strong></span> <span class='ocrx_word' id='word_1_235' title='bbox 1141 1324 1237 1346; x_wconf 87' lang='lat' dir='ltr'><strong>usum</strong></span> <span class='ocrx_word' id='word_1_236' title='bbox 1263 1324 1350 1356; x_wconf 86' lang='lat' dir='ltr'><strong>esse,</strong></span> <span class='ocrx_word' id='word_1_237' title='bbox 1376 1315 1432 1346; x_wconf 87' lang='lat' dir='ltr'><strong>sed</strong></span> 
     </span>
     <span class='ocr_line' id='line_1_28' title="bbox 146 1359 1433 1408; baseline 0.001 -14"><span class='ocrx_word' id='word_1_238' title='bbox 146 1363 255 1408; x_wconf 77' lang='lat' dir='ltr'><strong>ipsum</strong></span> <span class='ocrx_word' id='word_1_239' title='bbox 274 1362 471 1394; x_wconf 88' lang='lat' dir='ltr'><strong>vocabulum</strong></span> <span class='ocrx_word' id='word_1_240' title='bbox 491 1359 570 1403; x_wconf 87' lang='grc' dir='ltr'>αὖρι</span> <span class='ocrx_word' id='word_1_241' title='bbox 589 1362 822 1395; x_wconf 72' lang='lat' dir='ltr'><strong>Alexandrinis</strong></span> <span class='ocrx_word' id='word_1_242' title='bbox 842 1362 1066 1404; x_wconf 83' lang='lat' dir='ltr'><strong>grammaticis</strong></span> <span class='ocrx_word' id='word_1_243' title='bbox 1086 1363 1236 1404; x_wconf 84' lang='lat' dir='ltr'><strong>ignotum</strong></span> <span class='ocrx_word' id='word_1_244' title='bbox 1257 1363 1358 1395; x_wconf 83' lang='lat' dir='ltr'><strong>fuisse</strong></span> <span class='ocrx_word' id='word_1_245' title='bbox 1378 1373 1433 1395; x_wconf 89' lang='lat' dir='ltr'><strong>ne-</strong></span> 
     </span>
     <span class='ocr_line' id='line_1_29' title="bbox 147 1408 1435 1453; baseline 0 -10"><span class='ocrx_word' id='word_1_246' title='bbox 147 1421 211 1453; x_wconf 89' lang='lat' dir='ltr'><strong>que</strong></span> <span class='ocrx_word' id='word_1_247' title='bbox 236 1411 402 1443; x_wconf 85' lang='lat' dir='ltr'><strong>exstitisse</strong></span> <span class='ocrx_word' id='word_1_248' title='bbox 426 1410 492 1442; x_wconf 88' lang='lat' dir='ltr'><strong>nisi</strong></span> <span class='ocrx_word' id='word_1_249' title='bbox 514 1411 549 1442; x_wconf 90' lang='lat' dir='ltr'><strong>in</strong></span> <span class='ocrx_word' id='word_1_250' title='bbox 574 1411 753 1452; x_wconf 87' lang='lat' dir='ltr'><strong>composito</strong></span> <span class='ocrx_word' id='word_1_251' title='bbox 779 1408 976 1452; x_wconf 77' lang='grc' dir='ltr'>αὐριβάτηε.</span> <span class='ocrx_word' id='word_1_252' title='bbox 1015 1411 1092 1444; x_wconf 83' lang='lat' dir='ltr'><strong>Non</strong></span> <span class='ocrx_word' id='word_1_253' title='bbox 1115 1411 1218 1452; x_wconf 84' lang='lat' dir='ltr'><strong>igitur</strong></span> <span class='ocrx_word' id='word_1_254' title='bbox 1245 1411 1323 1444; x_wconf 89' lang='lat' dir='ltr'><strong>licet</strong></span> <span class='ocrx_word' id='word_1_255' title='bbox 1351 1412 1435 1443; x_wconf 88' lang='lat' dir='ltr'><strong>hanc</strong></span> 
     </span>
     <span class='ocr_line' id='line_1_30' title="bbox 146 1458 1434 1501; baseline 0 -9"><span class='ocrx_word' id='word_1_256' title='bbox 146 1469 274 1499; x_wconf 84' lang='lat' dir='ltr'><strong>vocem,</strong></span> <span class='ocrx_word' id='word_1_257' title='bbox 309 1469 406 1501; x_wconf 87' lang='lat' dir='ltr'><strong>quam</strong></span> <span class='ocrx_word' id='word_1_258' title='bbox 438 1459 482 1492; x_wconf 87' lang='lat' dir='ltr'><strong>M.</strong></span> <span class='ocrx_word' id='word_1_259' title='bbox 512 1458 711 1496; x_wconf 87' lang='lat' dir='ltr'><strong>Schmidtius</strong></span> <span class='ocrx_word' id='word_1_260' title='bbox 741 1459 910 1501; x_wconf 85' lang='lat' dir='ltr'><strong>Lydorum</strong></span> <span class='ocrx_word' id='word_1_261' title='bbox 945 1469 1016 1492; x_wconf 86' lang='lat' dir='ltr'><strong>esse</strong></span> <span class='ocrx_word' id='word_1_262' title='bbox 1047 1459 1247 1501; x_wconf 84' lang='lat' dir='ltr'><strong>suspicatur,</strong></span> <span class='ocrx_word' id='word_1_263' title='bbox 1283 1459 1434 1501; x_wconf 79' lang='lat' dir='ltr'><strong>Sophocli</strong></span> 
     </span>
     <span class='ocr_line' id='line_1_31' title="bbox 147 1507 1434 1550; baseline 0.001 -10"><span class='ocrx_word' id='word_1_264' title='bbox 147 1508 332 1541; x_wconf 85' lang='lat' dir='ltr'><strong>obtrudere.</strong></span> <span class='ocrx_word' id='word_1_265' title='bbox 360 1507 514 1540; x_wconf 87' lang='lat' dir='ltr'><strong>Ceterum</strong></span> <span class='ocrx_word' id='word_1_266' title='bbox 535 1508 562 1540; x_wconf 90' lang='lat' dir='ltr'><strong>si</strong></span> <span class='ocrx_word' id='word_1_267' title='bbox 582 1508 706 1548; x_wconf 88' lang='lat' dir='ltr'><strong>liceret,</strong></span> <span class='ocrx_word' id='word_1_268' title='bbox 725 1508 831 1550; x_wconf 83' lang='lat' dir='ltr'><strong>ipsam</strong></span> <span class='ocrx_word' id='word_1_269' title='bbox 851 1508 1016 1541; x_wconf 88' lang='lat' dir='ltr'><strong>notionem</strong></span> <span class='ocrx_word' id='word_1_270' title='bbox 1036 1509 1188 1541; x_wconf 80' lang='lat' dir='ltr'><strong>vocabuli</strong></span> <span class='ocrx_word' id='word_1_271' title='bbox 1207 1509 1302 1541; x_wconf 89' lang='lat' dir='ltr'><strong>nobis</strong></span> <span class='ocrx_word' id='word_1_272' title='bbox 1321 1510 1434 1541; x_wconf 90' lang='lat' dir='ltr'><strong>notam</strong></span> 
     </span>
     <span class='ocr_line' id='line_1_32' title="bbox 38 1555 1435 1602; baseline 0 -13"><span class='ocrx_word' id='word_1_273' title='bbox 38 1597 43 1602; x_wconf 39' lang='grc' dir='ltr'><strong><em>Ι</em></strong></span> <span class='ocrx_word' id='word_1_274' title='bbox 81 1558 83 1561; x_wconf 83' lang='grc'><strong>“</strong></span> <span class='ocrx_word' id='word_1_275' title='bbox 146 1555 283 1597; x_wconf 71' lang='grc' dir='ltr'>ταχέως</span> <span class='ocrx_word' id='word_1_276' title='bbox 318 1567 383 1598; x_wconf 86' lang='lat' dir='ltr'><strong>qua</strong></span> <span class='ocrx_word' id='word_1_277' title='bbox 412 1557 545 1588; x_wconf 76' lang='lat' dir='ltr'><strong>tandem</strong></span> <span class='ocrx_word' id='word_1_278' title='bbox 574 1557 701 1589; x_wconf 86' lang='lat' dir='ltr'><strong>ratione</strong></span> <span class='ocrx_word' id='word_1_279' title='bbox 736 1558 771 1589; x_wconf 92' lang='lat' dir='ltr'><strong>in</strong></span> <span class='ocrx_word' id='word_1_280' title='bbox 800 1557 894 1589; x_wconf 88' lang='lat' dir='ltr'><strong>illum</strong></span> <span class='ocrx_word' id='word_1_281' title='bbox 930 1558 1037 1589; x_wconf 91' lang='lat' dir='ltr'><strong>locum</strong></span> <span class='ocrx_word' id='word_1_282' title='bbox 1068 1557 1237 1598; x_wconf 84' lang='lat' dir='ltr'><strong>Sophoclis</strong></span> <span class='ocrx_word' id='word_1_283' title='bbox 1272 1558 1435 1599; x_wconf 78' lang='lat' dir='ltr'><strong>quadrare</strong></span> 
     </span>
     <span class='ocr_line' id='line_1_33' title="bbox 19 1603 1434 1648; baseline 0.001 -11"><span class='ocrx_word' id='word_1_284' title='bbox 19 1605 23 1609; x_wconf 81' lang='grc'>’</span> <span class='ocrx_word' id='word_1_285' title='bbox 80 1612 82 1615; x_wconf 91' lang='grc'><strong><em>·</em></strong></span> <span class='ocrx_word' id='word_1_286' title='bbox 146 1604 368 1638; x_wconf 84' lang='lat' dir='ltr'><strong>arbitramur?</strong></span> <span class='ocrx_word' id='word_1_287' title='bbox 399 1605 448 1637; x_wconf 84' lang='lat' dir='ltr'><strong>Ne</strong></span> <span class='ocrx_word' id='word_1_288' title='bbox 470 1616 510 1637; x_wconf 86' lang='lat' dir='ltr'><strong>ea</strong></span> <span class='ocrx_word' id='word_1_289' title='bbox 529 1605 659 1647; x_wconf 90' lang='lat' dir='ltr'><strong>quidem</strong></span> <span class='ocrx_word' id='word_1_290' title='bbox 681 1605 878 1647; x_wconf 83' lang='lat' dir='ltr'><strong>significatio</strong></span> <span class='ocrx_word' id='word_1_291' title='bbox 899 1617 997 1648; x_wconf 85' lang='lat' dir='ltr'><strong>quam</strong></span> <span class='ocrx_word' id='word_1_292' title='bbox 1013 1606 1182 1638; x_wconf 83' lang='lat' dir='ltr'><strong>Nauckius</strong></span> <span class='ocrx_word' id='word_1_293' title='bbox 1204 1607 1322 1638; x_wconf 86' lang='lat' dir='ltr'><strong>statuit</strong></span> <span class='ocrx_word' id='word_1_294' title='bbox 1343 1603 1434 1639; x_wconf 76' lang='lat' dir='ltr'><strong>‘mox</strong></span> 
     </span>
     <span class='ocr_line' id='line_1_34' title="bbox 145 1651 1434 1695; baseline 0.001 -10"><span class='ocrx_word' id='word_1_295' title='bbox 145 1654 294 1686; x_wconf 82' lang='lat' dir='ltr'><strong>futurum</strong></span> <span class='ocrx_word' id='word_1_296' title='bbox 320 1654 389 1686; x_wconf 87' lang='lat' dir='ltr'><strong>sive</strong></span> <span class='ocrx_word' id='word_1_297' title='bbox 413 1654 540 1686; x_wconf 86' lang='lat' dir='ltr'><strong>instans</strong></span> <span class='ocrx_word' id='word_1_298' title='bbox 564 1651 813 1695; x_wconf 86' lang='lat' dir='ltr'><strong>plenilunium&#39;,</strong></span> <span class='ocrx_word' id='word_1_299' title='bbox 837 1655 906 1686; x_wconf 90' lang='lat' dir='ltr'><strong>ullo</strong></span> <span class='ocrx_word' id='word_1_300' title='bbox 927 1655 1023 1686; x_wconf 86' lang='lat' dir='ltr'><strong>modo</strong></span> <span class='ocrx_word' id='word_1_301' title='bbox 1043 1655 1176 1695; x_wconf 85' lang='lat' dir='ltr'><strong>probari</strong></span> <span class='ocrx_word' id='word_1_302' title='bbox 1196 1655 1289 1687; x_wconf 87' lang='lat' dir='ltr'><strong>nobis</strong></span> <span class='ocrx_word' id='word_1_303' title='bbox 1315 1657 1434 1695; x_wconf 62' lang='lat' dir='ltr'><strong>potest„</strong></span> 
     </span>
     <span class='ocr_line' id='line_1_35' title="bbox 147 1701 671 1744; baseline 0.002 -10"><span class='ocrx_word' id='word_1_304' title='bbox 147 1701 232 1741; x_wconf 83' lang='lat' dir='ltr'><strong>Quid</strong></span> <span class='ocrx_word' id='word_1_305' title='bbox 252 1701 380 1735; x_wconf 82' lang='lat' dir='ltr'><strong>multa?</strong></span> <span class='ocrx_word' id='word_1_306' title='bbox 416 1701 520 1735; x_wconf 86' lang='lat' dir='ltr'><strong>Poeta</strong></span> <span class='ocrx_word' id='word_1_307' title='bbox 539 1702 671 1744; x_wconf 85' lang='lat' dir='ltr'><strong>scripsit</strong></span> 
     </span>
     <span class='ocr_line' id='line_1_36' title="bbox 321 1748 895 1793; baseline 0 -8"><span class='ocrx_word' id='word_1_308' title='bbox 321 1748 386 1785; x_wconf 87' lang='grc' dir='ltr'><strong>οὐκ</strong></span> <span class='ocrx_word' id='word_1_309' title='bbox 405 1748 473 1785; x_wconf 80' lang='grc' dir='ltr'>ἔεει</span> <span class='ocrx_word' id='word_1_310' title='bbox 494 1749 559 1786; x_wconf 91' lang='grc' dir='ltr'><strong>τὰν</strong></span> <span class='ocrx_word' id='word_1_311' title='bbox 579 1750 645 1793; x_wconf 85' lang='grc' dir='ltr'>ἦρι</span> <span class='ocrx_word' id='word_1_312' title='bbox 665 1750 895 1793; x_wconf 79' lang='grc' dir='ltr'>πανεέληνον.</span> 
     </span>
     <span class='ocr_line' id='line_1_37' title="bbox 146 1799 1433 1842; baseline 0.001 -9"><span class='ocrx_word' id='word_1_313' title='bbox 146 1800 362 1833; x_wconf 81' lang='lat' dir='ltr'><strong>Grammatici</strong></span> <span class='ocrx_word' id='word_1_314' title='bbox 380 1802 492 1833; x_wconf 86' lang='lat' dir='ltr'><strong>autem</strong></span> <span class='ocrx_word' id='word_1_315' title='bbox 511 1801 566 1833; x_wconf 85' lang='lat' dir='ltr'><strong>vel</strong></span> <span class='ocrx_word' id='word_1_316' title='bbox 589 1801 717 1833; x_wconf 83' lang='lat' dir='ltr'><strong>librarii</strong></span> <span class='ocrx_word' id='word_1_317' title='bbox 736 1812 809 1834; x_wconf 86' lang='lat' dir='ltr'><strong>cum</strong></span> <span class='ocrx_word' id='word_1_318' title='bbox 834 1799 891 1842; x_wconf 87' lang='grc' dir='ltr'>ἦρι</span> <span class='ocrx_word' id='word_1_319' title='bbox 915 1812 956 1833; x_wconf 88' lang='lat' dir='ltr'><strong>ex</strong></span> <span class='ocrx_word' id='word_1_320' title='bbox 980 1802 1214 1834; x_wconf 85' lang='lat' dir='ltr'><strong>consuetudine</strong></span> <span class='ocrx_word' id='word_1_321' title='bbox 1239 1802 1433 1834; x_wconf 83' lang='lat' dir='ltr'><strong>Homericae</strong></span> 
     </span>
     <span class='ocr_line' id='line_1_38' title="bbox 145 1845 1433 1893; baseline 0.002 -13"><span class='ocrx_word' id='word_1_322' title='bbox 145 1849 296 1881; x_wconf 79' lang='lat' dir='ltr'><strong>dictionis</strong></span> <span class='ocrx_word' id='word_1_323' title='bbox 320 1849 617 1890; x_wconf 84' lang='lat' dir='ltr'><strong>interpretarentur</strong></span> <span class='ocrx_word' id='word_1_324' title='bbox 642 1846 765 1889; x_wconf 89' lang='grc' dir='ltr'>αὔριον</span> <span class='ocrx_word' id='word_1_325' title='bbox 796 1845 869 1893; x_wconf 88' lang='lat' dir='ltr'><strong>(cfr.</strong></span> <span class='ocrx_word' id='word_1_326' title='bbox 895 1849 1037 1891; x_wconf 86' lang='lat' dir='ltr'><strong>Hesych.</strong></span> <span class='ocrx_word' id='word_1_327' title='bbox 1063 1848 1133 1890; x_wconf 86' lang='grc' dir='ltr'>ἦρι·</span> <span class='ocrx_word' id='word_1_328' title='bbox 1162 1848 1269 1890; x_wconf 76' lang='grc' dir='ltr'>πρωϊ</span> <span class='ocrx_word' id='word_1_329' title='bbox 1294 1847 1433 1890; x_wconf 87' lang='grc' dir='ltr'><strong>αὔριον·</strong></span> 
     </span>
     <span class='ocr_line' id='line_1_39' title="bbox 145 1892 1431 1942; baseline 0.001 -12"><span class='ocrx_word' id='word_1_330' title='bbox 145 1894 235 1937; x_wconf 84' lang='grc' dir='ltr'>ἔαρι·</span> <span class='ocrx_word' id='word_1_331' title='bbox 261 1892 411 1942; x_wconf 83' lang='grc' dir='ltr'>ὄρθρῳ),</span> <span class='ocrx_word' id='word_1_332' title='bbox 442 1899 752 1931; x_wconf 87' lang='lat' dir='ltr'><strong>commutaverunt.</strong></span> <span class='ocrx_word' id='word_1_333' title='bbox 774 1898 823 1930; x_wconf 90' lang='lat' dir='ltr'><strong>De</strong></span> <span class='ocrx_word' id='word_1_334' title='bbox 849 1908 948 1931; x_wconf 90' lang='lat' dir='ltr'><strong>verno</strong></span> <span class='ocrx_word' id='word_1_335' title='bbox 973 1898 1152 1939; x_wconf 87' lang='lat' dir='ltr'><strong>plenilunio</strong></span> <span class='ocrx_word' id='word_1_336' title='bbox 1177 1898 1313 1939; x_wconf 85' lang='lat' dir='ltr'><strong>eiusque</strong></span> <span class='ocrx_word' id='word_1_337' title='bbox 1337 1899 1431 1931; x_wconf 85' lang='lat' dir='ltr'><strong>festis</strong></span> 
     </span>
     <span class='ocr_line' id='line_1_40' title="bbox 145 1946 1430 1988; baseline 0.001 -10"><span class='ocrx_word' id='word_1_338' title='bbox 145 1946 279 1987; x_wconf 84' lang='lat' dir='ltr'><strong>exponit</strong></span> <span class='ocrx_word' id='word_1_339' title='bbox 297 1946 337 1978; x_wconf 95' lang='lat' dir='ltr'><strong>A.</strong></span> <span class='ocrx_word' id='word_1_340' title='bbox 358 1946 580 1978; x_wconf 87' lang='lat' dir='ltr'><strong>Mommsenus</strong></span> <span class='ocrx_word' id='word_1_341' title='bbox 602 1946 749 1979; x_wconf 86' lang='lat' dir='ltr'><strong>Heortol.</strong></span> <span class='ocrx_word' id='word_1_342' title='bbox 770 1957 801 1987; x_wconf 91' lang='lat' dir='ltr'><strong>p.</strong></span> <span class='ocrx_word' id='word_1_343' title='bbox 823 1947 893 1979; x_wconf 87' lang='lat'><strong>389</strong></span> <span class='ocrx_word' id='word_1_344' title='bbox 905 1957 951 1988; x_wconf 89' lang='lat' dir='ltr'><strong>sq.</strong></span> <span class='ocrx_word' id='word_1_345' title='bbox 983 1947 1032 1978; x_wconf 92' lang='lat' dir='ltr'><strong>De</strong></span> <span class='ocrx_word' id='word_1_346' title='bbox 1048 1947 1147 1978; x_wconf 87' lang='lat' dir='ltr'><strong>simili</strong></span> <span class='ocrx_word' id='word_1_347' title='bbox 1162 1947 1318 1987; x_wconf 88' lang='lat' dir='ltr'><strong>temporis</strong></span> <span class='ocrx_word' id='word_1_348' title='bbox 1339 1949 1430 1980; x_wconf 87' lang='lat' dir='ltr'><strong>nota-</strong></span> 
     </span>
     <span class='ocr_line' id='line_1_41' title="bbox 143 1994 1431 2036; baseline 0.001 -9.805"><span class='ocrx_word' id='word_1_349' title='bbox 143 1995 233 2027; x_wconf 89' lang='lat' dir='ltr'><strong>tione</strong></span> <span class='ocrx_word' id='word_1_350' title='bbox 254 2004 337 2036; x_wconf 87' lang='lat' dir='ltr'><strong>quae</strong></span> <span class='ocrx_word' id='word_1_351' title='bbox 358 1996 411 2026; x_wconf 89' lang='lat' dir='ltr'><strong>est</strong></span> <span class='ocrx_word' id='word_1_352' title='bbox 430 1994 548 2027; x_wconf 85' lang='lat' dir='ltr'><strong>Aesch.</strong></span> <span class='ocrx_word' id='word_1_353' title='bbox 568 1995 631 2036; x_wconf 84' lang='lat' dir='ltr'><strong>Ag.</strong></span> <span class='ocrx_word' id='word_1_354' title='bbox 653 1996 722 2027; x_wconf 83' lang='lat'><strong>826</strong></span> <span class='ocrx_word' id='word_1_355' title='bbox 744 1995 802 2028; x_wconf 82' lang='lat' dir='ltr'><strong>cfr.</strong></span> <span class='ocrx_word' id='word_1_356' title='bbox 828 2005 912 2036; x_wconf 90' lang='lat' dir='ltr'><strong>quae</strong></span> <span class='ocrx_word' id='word_1_357' title='bbox 932 1995 1084 2036; x_wconf 82' lang='lat' dir='ltr'><strong>exposuit</strong></span> <span class='ocrx_word' id='word_1_358' title='bbox 1102 1994 1244 2027; x_wconf 85' lang='lat' dir='ltr'><strong>Keckius</strong></span> <span class='ocrx_word' id='word_1_359' title='bbox 1263 1995 1298 2026; x_wconf 89' lang='lat' dir='ltr'><strong>in</strong></span> <span class='ocrx_word' id='word_1_360' title='bbox 1318 1995 1431 2028; x_wconf 84' lang='lat' dir='ltr'><strong>Fleck-</strong></span> 
     </span>
     <span class='ocr_line' id='line_1_42' title="bbox 78 2043 715 2086; baseline 0.003 -10.805"><span class='ocrx_word' id='word_1_361' title='bbox 78 2083 80 2085; x_wconf 90' lang='lat'>.</span> <span class='ocrx_word' id='word_1_362' title='bbox 144 2043 246 2076; x_wconf 83' lang='lat' dir='ltr'><strong>eiseni</strong></span> <span class='ocrx_word' id='word_1_363' title='bbox 265 2043 372 2076; x_wconf 85' lang='lat' dir='ltr'><strong>annal.</strong></span> <span class='ocrx_word' id='word_1_364' title='bbox 393 2045 416 2076; x_wconf 84' lang='lat' dir='ltr'><strong>t.</strong></span> <span class='ocrx_word' id='word_1_365' title='bbox 438 2044 483 2076; x_wconf 87' lang='grc'><strong>85</strong></span> <span class='ocrx_word' id='word_1_366' title='bbox 505 2055 536 2085; x_wconf 92' lang='lat' dir='ltr'><strong>p.</strong></span> <span class='ocrx_word' id='word_1_367' title='bbox 559 2045 628 2076; x_wconf 88' lang='lat'><strong>518</strong></span> <span class='ocrx_word' id='word_1_368' title='bbox 646 2054 715 2086; x_wconf 88' lang='lat' dir='ltr'><strong>sqq.</strong></span> 
     </span>
    </p>

    <p class='ocr_par' dir='ltr' id='par_1_3' title="bbox 143 2092 1432 2281">
     <span class='ocr_line' id='line_1_43' title="bbox 189 2092 1432 2135; baseline 0.002 -11"><span class='ocrx_word' id='word_1_369' title='bbox 189 2126 193 2128; x_wconf 73' lang='grc'>,</span> <span class='ocrx_word' id='word_1_370' title='bbox 242 2092 402 2126; x_wconf 83' lang='lat' dir='ltr'><strong>‘Videmus</strong></span> <span class='ocrx_word' id='word_1_371' title='bbox 421 2104 487 2126; x_wconf 91' lang='lat' dir='ltr'><strong>non</strong></span> <span class='ocrx_word' id='word_1_372' title='bbox 502 2104 631 2134; x_wconf 87' lang='lat' dir='ltr'><strong>semper</strong></span> <span class='ocrx_word' id='word_1_373' title='bbox 645 2104 758 2126; x_wconf 89' lang='lat' dir='ltr'><strong>veram</strong></span> <span class='ocrx_word' id='word_1_374' title='bbox 771 2093 826 2126; x_wconf 88' lang='lat' dir='ltr'><strong>vel</strong></span> <span class='ocrx_word' id='word_1_375' title='bbox 845 2093 954 2135; x_wconf 89' lang='lat' dir='ltr'><strong>potius</strong></span> <span class='ocrx_word' id='word_1_376' title='bbox 975 2093 1114 2135; x_wconf 56' lang='lat' dir='ltr'><strong>sing-ulis</strong></span> <span class='ocrx_word' id='word_1_377' title='bbox 1134 2093 1214 2126; x_wconf 89' lang='lat' dir='ltr'><strong>locis</strong></span> <span class='ocrx_word' id='word_1_378' title='bbox 1231 2095 1343 2135; x_wconf 91' lang='lat' dir='ltr'><strong>aptam</strong></span> <span class='ocrx_word' id='word_1_379' title='bbox 1363 2093 1432 2127; x_wconf 87' lang='lat' dir='ltr'><strong>vim</strong></span> 
     </span>
     <span class='ocr_line' id='line_1_44' title="bbox 146 2141 1431 2183; baseline 0.001 -8"><span class='ocrx_word' id='word_1_380' title='bbox 146 2142 297 2175; x_wconf 85' lang='lat' dir='ltr'><strong>vocabuli</strong></span> <span class='ocrx_word' id='word_1_381' title='bbox 318 2141 360 2174; x_wconf 87' lang='lat' dir='ltr'><strong>ab</strong></span> <span class='ocrx_word' id='word_1_382' title='bbox 380 2142 603 2183; x_wconf 69' lang='lat' dir='ltr'><strong>grammaticis</strong></span> <span class='ocrx_word' id='word_1_383' title='bbox 622 2142 916 2183; x_wconf 81' lang='lat' dir='ltr'><strong>interpretantibus</strong></span> <span class='ocrx_word' id='word_1_384' title='bbox 938 2143 1143 2183; x_wconf 84' lang='lat' dir='ltr'><strong>perspectam</strong></span> <span class='ocrx_word' id='word_1_385' title='bbox 1163 2142 1301 2183; x_wconf 89' lang='lat' dir='ltr'><strong>aliisque</strong></span> <span class='ocrx_word' id='word_1_386' title='bbox 1321 2143 1431 2176; x_wconf 88' lang='lat' dir='ltr'><strong>verbis</strong></span> 
     </span>
     <span class='ocr_line' id='line_1_45' title="bbox 143 2189 1432 2233; baseline 0.002 -11"><span class='ocrx_word' id='word_1_387' title='bbox 143 2190 306 2224; x_wconf 82' lang='lat' dir='ltr'><strong>redditam</strong></span> <span class='ocrx_word' id='word_1_388' title='bbox 333 2200 415 2222; x_wconf 87' lang='lat' dir='ltr'><strong>esse.</strong></span> <span class='ocrx_word' id='word_1_389' title='bbox 455 2189 674 2227; x_wconf 85' lang='lat' dir='ltr'><strong>Quamobrem</strong></span> <span class='ocrx_word' id='word_1_390' title='bbox 699 2201 799 2232; x_wconf 84' lang='lat' dir='ltr'><strong>supra</strong></span> <span class='ocrx_word' id='word_1_391' title='bbox 828 2190 967 2223; x_wconf 85' lang='lat' dir='ltr'><strong>diximus</strong></span> <span class='ocrx_word' id='word_1_392' title='bbox 993 2190 1091 2222; x_wconf 81' lang='lat' dir='ltr'><strong>etiam</strong></span> <span class='ocrx_word' id='word_1_393' title='bbox 1117 2191 1225 2223; x_wconf 87' lang='lat' dir='ltr'><strong>verbis</strong></span> <span class='ocrx_word' id='word_1_394' title='bbox 1255 2191 1432 2233; x_wconf 85' lang='lat' dir='ltr'><strong>languidis,</strong></span> 
     </span>
     <span class='ocr_line' id='line_1_46' title="bbox 144 2238 1323 2281; baseline 0 -10"><span class='ocrx_word' id='word_1_395' title='bbox 144 2238 283 2272; x_wconf 78' lang='lat' dir='ltr'><strong>detortis</strong></span> <span class='ocrx_word' id='word_1_396' title='bbox 303 2239 398 2281; x_wconf 90' lang='lat' dir='ltr'><strong>prodi</strong></span> <span class='ocrx_word' id='word_1_397' title='bbox 418 2249 552 2281; x_wconf 88' lang='lat' dir='ltr'><strong>operam</strong></span> <span class='ocrx_word' id='word_1_398' title='bbox 571 2239 851 2281; x_wconf 85' lang='lat' dir='ltr'><strong>interpolantium.</strong></span> <span class='ocrx_word' id='word_1_399' title='bbox 885 2239 924 2271; x_wconf 90' lang='lat' dir='ltr'><strong>Id</strong></span> <span class='ocrx_word' id='word_1_400' title='bbox 943 2239 1085 2272; x_wconf 86' lang='lat' dir='ltr'><strong>attinere</strong></span> <span class='ocrx_word' id='word_1_401' title='bbox 1105 2240 1260 2280; x_wconf 88' lang='lat' dir='ltr'><strong>putamus</strong></span> <span class='ocrx_word' id='word_1_402' title='bbox 1281 2240 1323 2272; x_wconf 88' lang='lat' dir='ltr'><strong>ad</strong></span> 
     </span>
    </p>

    <p class='ocr_par' dir='ltr' id='par_1_4' title="bbox 191 2284 1288 2344">
     <span class='ocr_line' id='line_1_47' title="bbox 191 2284 1288 2344; baseline 0.001 -26"><span class='ocrx_word' id='word_1_403' title='bbox 191 2287 269 2344; x_wconf 74' lang='lat' dir='ltr'><strong>Enr.</strong></span> <span class='ocrx_word' id='word_1_404' title='bbox 289 2287 368 2320; x_wconf 89' lang='lat' dir='ltr'><strong>Hec.</strong></span> <span class='ocrx_word' id='word_1_405' title='bbox 391 2289 462 2320; x_wconf 88' lang='lat'><strong>900</strong></span> <span class='ocrx_word' id='word_1_406' title='bbox 501 2287 566 2320; x_wconf 87' lang='grc' dir='ltr'><strong>νῦν</strong></span> <span class='ocrx_word' id='word_1_407' title='bbox 586 2284 623 2319; x_wconf 81' lang='grc' dir='ltr'><strong>δ’</strong></span> <span class='ocrx_word' id='word_1_408' title='bbox 628 2286 702 2327; x_wconf 87' lang='grc' dir='ltr'><strong>,οὐ</strong></span> <span class='ocrx_word' id='word_1_409' title='bbox 721 2286 789 2328; x_wconf 87' lang='grc' dir='ltr'><strong>γὰρ</strong></span> <span class='ocrx_word' id='word_1_410' title='bbox 808 2285 879 2328; x_wconf 76' lang='lat' dir='ltr'><strong>inc</strong></span> <span class='ocrx_word' id='word_1_411' title='bbox 899 2285 1040 2328; x_wconf 78' lang='grc' dir='ltr'>οὐρίου(</span> <span class='ocrx_word' id='word_1_412' title='bbox 1060 2285 1173 2320; x_wconf 75' lang='grc' dir='ltr'>πνοὰ(</span> <span class='ocrx_word' id='word_1_413' title='bbox 1193 2285 1288 2328; x_wconf 82' lang='grc' dir='ltr'>θεόε,</span> 
     </span>
    </p>

    <p class='ocr_par' dir='ltr' id='par_1_5' title="bbox 143 2333 1432 2468">
     <span class='ocr_line' id='line_1_48' title="bbox 509 2333 1254 2376; baseline 0.001 -9"><span class='ocrx_word' id='word_1_414' title='bbox 509 2334 626 2375; x_wconf 85' lang='grc' dir='ltr'>μένειν</span> <span class='ocrx_word' id='word_1_415' title='bbox 647 2333 780 2376; x_wconf 88' lang='grc' dir='ltr'>ἀνάγκη</span> <span class='ocrx_word' id='word_1_416' title='bbox 801 2335 915 2368; x_wconf 83' lang='grc' dir='ltr'>πλοῦν</span> <span class='ocrx_word' id='word_1_417' title='bbox 936 2333 1095 2376; x_wconf 76' lang='grc' dir='ltr'>ὁρῶντα(</span> <span class='ocrx_word' id='word_1_418' title='bbox 1114 2333 1254 2376; x_wconf 79' lang='grc' dir='ltr'><strong>ἥευχον.</strong></span> 
     </span>
     <span class='ocr_line' id='line_1_49' title="bbox 143 2381 1432 2426; baseline 0.001 -10"><span class='ocrx_word' id='word_1_419' title='bbox 143 2383 179 2416; x_wconf 89' lang='lat' dir='ltr'><strong>Si</strong></span> <span class='ocrx_word' id='word_1_420' title='bbox 200 2383 317 2416; x_wconf 80' lang='lat' dir='ltr'><strong>Graeci</strong></span> <span class='ocrx_word' id='word_1_421' title='bbox 336 2385 534 2424; x_wconf 86' lang='lat' dir='ltr'><strong>tempestate</strong></span> <span class='ocrx_word' id='word_1_422' title='bbox 553 2386 794 2425; x_wconf 86' lang='lat' dir='ltr'><strong>premerentur,</strong></span> <span class='ocrx_word' id='word_1_423' title='bbox 814 2387 903 2417; x_wconf 87' lang='lat' dir='ltr'><strong>recte</strong></span> <span class='ocrx_word' id='word_1_424' title='bbox 923 2394 958 2417; x_wconf 87' lang='lat' dir='ltr'><strong>se</strong></span> <span class='ocrx_word' id='word_1_425' title='bbox 978 2384 1117 2417; x_wconf 87' lang='lat' dir='ltr'><strong>haberet</strong></span> <span class='ocrx_word' id='word_1_426' title='bbox 1136 2383 1251 2417; x_wconf 84' lang='grc' dir='ltr'>πλοῦν</span> <span class='ocrx_word' id='word_1_427' title='bbox 1271 2381 1432 2426; x_wconf 74' lang='grc' dir='ltr'>ὁρῶντα(</span> 
     </span>
     <span class='ocr_line' id='line_1_50' title="bbox 1157 2439 1197 2468; baseline 0 -12"><span class='ocrx_word' id='word_1_428' title='bbox 1157 2439 1197 2468; x_wconf 76' lang='grc'><strong>1*</strong></span> 
     </span>
    </p>
   </div>
  </div>
 </body>
</html>
