1616 2762
9 2420 17 2429 ι.
0 1506 32 2328 fflW'ffiQWW*Wffl2WWFJW{-W2va'⁰'
0 1474 11 1496 Γ
1 1458 4 1463 '
0 1424 9 1438 ““·
0 1391 3 1395 “
0 1363 4 1372 ”
0 1347 3 1349 ’
0 1294 12 1325 ·”’·

534 278 537 279 ’
870 266 1094 308 adponentur
1120 265 1175 300 Δί.
1196 261 1288 299 1071
1314 261 1429 306 ἄνδρα

417 317 491 349 690
509 278 611 356 ἀνδρὶ
630 311 774 357 δημότῃ,
792 314 871 348 Eur.
881 314 951 348 Ion.
963 316 1032 347 625
1050 312 1240 356 δημότης
1221 323 1266 346 αν
1278 312 1429 354 εὐτυχὴς

207 340 307 420 ‘sdv-
291 358 426 405 ’θέλοιμι
445 363 582 405 μᾶλλον
600 361 623 404 ἢ
643 360 816 403 τύραννος
836 359 899 395 ὤν.

628 511 698 542 m.
731 510 944 549 nui-ipim.

148 609 156 616 ‘
191 608 310 643 Bacch.
331 609 400 641 792
432 604 476 640 οὐ
496 606 541 649 μὴ
563 604 757 648 φρενώεειε
777 603 829 647 μ’,
850 603 942 639 ἀλλὰ
962 605 1097 647 δέεμιο(
1117 606 1245 648 φυγὼν

436 653 535 688 cericei
555 652 649 695 τόδ’,
669 653 691 696 ἤ
713 664 765 702 (οι
785 652 892 697 πάλιν
912 651 1121 695 ἀναστρέψω
1130 653 1248 696 Ὃίκην.

239 705 352 737 Verba.
371 701 471 737 cu'Jcei
486 701 569 736 τόδε
586 703 709 745 optime
728 704 965 745 interpretatus
985 705 1037 736 est
1051 703 1235 737 Brunekius
1257 701 1431 738 ‘conserva

143 754 205 788 tibi
223 750 302 786 hoo'
320 754 510 794 comparato
530 753 696 785 simillimo
715 753 786 785 loeo
807 752 905 793 Soph.
920 752 972 785 El.
989 753 1081 785 1257
1108 753 1297 793 ’τοιγαροῦν
1318 752 1430 796 (ᾠζου

127 800 240 848 ’τόδε,
265 804 305 834 ut
328 801 412 833 nihil
437 808 554 833 causae
580 801 637 842 sit,
667 811 725 833 eur
750 801 807 833 alii
832 798 996 842 εῴζεεθαι
1021 801 1074 832 hic
1099 801 1284 842 significare
1313 803 1431 842 putent

56 849 59 852 “
97 876 99 878 .
143 841 322 884 ‘memorie
340 845 486 889 tenere',
511 849 569 880 alii
589 858 666 881 vero
687 848 796 881 verbis
817 845 916 880 ediscet
941 845 1024 881 τόδε
1051 849 1269 891 corruptelam
1296 846 1431 882 subesffe

143 897 356 954 arbitrentur.
382 897 544 939 Corrupta
558 898 712 930 videntur
727 907 767 929 ea
786 907 870 939 quae
891 899 1073 938 sequuntur
1093 894 1302 939 ἀναετρέψω
1323 895 1429 938 δίκην.

143 946 228 986 Quid
248 931 293 979 sit
311 943 418 978 πάλιν
443 943 690 986 ἀναετρέφειν,
715 944 924 987 cognoscitur
948 956 987 977 ex
1008 945 1121 987 Suppl.
1142 947 1212 978 329
1236 944 1374 986 Κάδμου
1396 944 1432 978 θ’

143 993 261 1036 omisca
291 993 381 1027 λαὸν
409 991 461 1026 εὖ
479 991 687 1034 πεπραγότα
718 990 773 1025 ἔτ’
802 991 912 1026 αὐτὸν
943 990 1033 1025 ἄλλα
1065 991 1214 1034 βλήματ’
1243 992 1284 1026 ἑν
1315 992 1431 1035 κύβοι(

74 1067 91 1095 ,κ
144 1042 266 1085 βαλεῖν
285 1039 444 1075 πέποιθ’·
465 1039 486 1074 ὁ
506 1040 574 1083 γὰρ
595 1040 675 1075 θεὸς
696 1038 803 1074 πάντ’
823 1039 1034 1082 ἀναετρέφει
1050 1040 1164 1075 πάλιν.
1196 1043 1312 1084 Itaque
1333 1040 1431 1083 δίκην

143 1088 250 1125 πάλιν
275 1087 508 1133 ἀναετρέφειν
533 1092 585 1124 est
611 1087 679 1123 ‘ius
699 1086 891 1124 invertere'.
923 1090 1065 1123 Etiamsi
1090 1087 1245 1132 ‘poenam
1265 1088 1431 1133 repetere'

125 1158 127 1160 -
144 1140 329 1182 significare
348 1140 467 1181 possit,
489 1140 601 1172 tamen
621 1141 673 1172 est
691 1140 813 1172 locutio
833 1140 881 1171 ita
900 1149 966 1171 non
987 1150 1155 1182 expressa,
1175 1142 1214 1172 ut
1233 1141 1364 1173 credam
1385 1141 1431 1173 sic

144 1189 315 1230 scripsisse
341 1191 486 1230 poetam,
518 1199 583 1220 non
607 1188 718 1230 potius
743 1188 882 1220 Penthei
906 1188 1065 1228 moribus,
1096 1189 1210 1230 quales
1234 1189 1269 1221 in
1293 1182 1430 1221 Bacchis

99 1247 103 1249 “
143 1237 355 1278 effinguntur,
375 1237 617 1269 accommodate
637 1247 708 1268 rem
727 1237 832 1278 ipsam
848 1236 916 1268 suis
932 1237 1041 1269 verbis
1056 1238 1221 1270 elocutum
1243 1248 1315 1269 esse
1333 1235 1355 1278 ἤ
1378 1246 1431 1269 (οι

143 1282 252 1318 πάλιν
271 1282 523 1326 ἀποετρέψω
545 1284 589 1325 χέ
596 1294 669 1325 pac
689 1286 709 1316 i.
722 1295 750 1317 e.
771 1281 847 1317 ‘aut
861 1295 977 1317 manus
993 1285 1056 1317 tibi
1069 1286 1190 1317 iterum
1205 1283 1431 1327 retorquebo'.

82 1348 86 1351 ·
144 1333 211 1367 Cfr.
227 1333 326 1376 Soph.
338 1333 418 1368 Oed.
428 1334 466 1367 Τ.
480 1335 573 1366 1154
594 1331 661 1374 οὐχ
681 1342 730 1366 wc
750 1330 857 1374 τάχος
878 1342 929 1366 τις
948 1331 1052 1366 τοῦδ’
1071 1331 1286 1379 ἀποετρέψει
1307 1333 1429 1375 χέραε;

241 1383 360 1415 Bacch.
386 1384 455 1416 827
474 1393 543 1424 sqq.
574 1383 773 1424 colloquium
801 1382 921 1414 Bacchi
951 1383 1023 1424 regi
1052 1383 1188 1416 insidias
1217 1383 1367 1424 parantis
1398 1387 1432 1414 et

144 1430 284 1464 Penthei
302 1430 552 1471 imprudenter
543 1441 578 1461 m
596 1431 732 1471 laqueos
747 1430 868 1462 collum
883 1430 1057 1462 inserentis
1073 1431 1197 1462 multas
1218 1431 1430 1463 difficultates

145 1478 287 1512 exhibet.
326 1478 451 1511 Versus
474 1479 543 1511 828
569 1475 648 1511 τίνα
674 1476 815 1519 ετολήν;
847 1476 869 1519 ἢ
896 1477 1020 1519 θῆλυν;
1052 1475 1134 1511 ἀλλ
1160 1476 1268 1512 αἰδώς
1294 1475 1332 1520 μ’
1357 1476 1430 1520 ἔχει

144 1538 300 1570 perquam
322 1527 545 1560 incommodus
566 1530 617 1559 est
636 1529 670 1559 et
689 1529 765 1568 post
784 1538 815 1559 v.
826 1528 894 1559 821
909 1528 956 1568 iq.
978 1526 1107 1560 ετεῑλαί
1128 1537 1193 1560 νυν
1213 1525 1303 1569 ἀμφὶ
1323 1527 1430 1568 χρωτὶ

146 1572 323 1618 βυὲείνου(
343 1574 512 1609 πέπλους.
535 1593 577 1598 —-
605 1573 645 1608 Τί
670 1575 712 1616 δὴ
738 1572 832 1614 τόδ’;
860 1573 909 1608 εἰ(
934 1576 1101 1615 γυναῖκα(
1126 1574 1162 1610 ἑξ
1183 1573 1313 1617 ἀνδρὸς
1337 1576 1429 1609 τελῶ

120 1624 124 1627 ’
145 1626 180 1658 et
199 1626 276 1658 ante
295 1636 326 1659 v.
343 1625 415 1657 830
435 1623 563 1666 ετολὴν
583 1622 621 1657 δὲ
642 1621 720 1657 τίνα
741 1623 812 1665 φὴ(
832 1621 921 1665 ἀμφὶ
943 1621 1052 1666 χρῶτ’
1073 1623 1158 1666 ἐμὸν
1181 1625 1314 1666 βαλεῑν;
1337 1625 1430 1658 Hane

145 1673 329 1706 molestiam
356 1674 492 1706 sustulit
512 1672 724 1705 Collmannus
750 1669 809 1716 (de
827 1673 944 1706 Bacch.
964 1674 1030 1706 fab.
1053 1674 1128 1706 Eur.
1154 1675 1233 1706 locis
1254 1674 1429 1712 nonnullis.

147 1719 271 1764 1875),
293 1732 367 1754 cum
386 1733 416 1754 v.
434 1722 515 1755 828.
534 1723 603 1761 837
625 1721 841 1763 interpolatos
861 1721 1018 1754 iudicavit
1038 1724 1072 1754 et
1090 1733 1120 1755 v.
1133 1723 1202 1754 829
1224 1723 1294 1760 loco
1315 1733 1345 1755 v.
1357 1723 1427 1754 837

144 1770 295 1804 inseruit.
329 1770 420 1802 Bene
446 1781 520 1802 eum
546 1770 740 1803 iudicavisse
765 1771 845 1811 puto
870 1770 911 1801 de
931 1781 962 1802 v.
983 1771 1053 1802 828
1080 1772 1115 1802 et
1135 1772 1218 1810 829,
1244 1771 1285 1803 de
1304 1782 1335 1803 v.
1358 1772 1426 1803 837

144 1819 319 1862 ιιοιιιῢοιιι.
354 1818 442 1851 Nam
461 1819 562 1851 verba
583 1817 705 1858 μολεῖν
731 1817 796 1859 χρὴ
817 1817 984 1858 πρῶτον
1005 1816 1054 1851 εἰ(
1074 1818 1295 1860 καταεκοπήν
1314 1821 1429 1860 aperte

64 1869 79 1876 ⁶
144 1866 311 1908 pertinent
325 1867 367 1899 ad
387 1877 531 1909 pugnam
551 1867 591 1899 de
607 1878 673 1908 qua¹
686 1868 784 1899 antea
803 1866 886 1899 dixit
899 1866 1048 1899 Bacchus
1064 1865 1264 1909 (ξυμβαλὼν
1281 1865 1429 1908 Βάκχαι(

145 1912 286 1959 μάχην),
305 1918 381 1957 post
395 1916 496 1948 verba.
516 1913 631 1948 οὐκέτι
647 1914 772 1956 θεατὴς
788 1912 981 1948 Μαινάδων
997 1913 1175 1956 πρόθυμος
1196 1913 1229 1948 εἴ
1246 1926 1312 1948 non
1326 1927 1430 1958 aeque

144 1965 262 2006 aptum,
274 1965 382 1997 locum
398 1964 556 1997 obtinent.
577 1964 615 1996 Id
630 1964 760 2005 quidem
771 1964 921 2004 concedo,
936 1975 1041 2005 neque
1051 1975 1209 2006 apparere
1223 1975 1281 1997 cur
1294 1967 1430 2006 repente

127 2053 129 2055 Ι
144 2023 276 2056 pugnae
291 2014 445 2045 eruentae
460 2012 607 2045 Bacchus
624 2013 822 2045 mentionem
840 2013 942 2045 faciat
956 2015 990 2045 et
1003 2013 1201 2045 locutionem
1217 2011 1301 2054 αἷμα
1309 2013 1430 2055 ὂήεει(

144 2060 292 2103 ineptam
318 2072 400 2094 esse.
436 2061 499 2094 Sed
524 2061 608 2093 illud
632 2072 707 2094 mox
732 2071 806 2093 oum
827 2061 893 2093 alia
916 2061 991 2093 labe
1017 2061 1115 2094 huius
1139 2062 1202 2095 loci
1222 2063 1430 2096 coniunctum

146 2120 219 2143 esne
232 2110 427 2151 videbimus,
442 2110 503 2144 hoc
519 2110 685 2143 emendari
698 2111 818 2152 potest.
843 2109 995 2151 Suspicor
1010 2107 1094 2151 αἷμα
1110 2109 1221 2152 θήεειε
1237 2112 1430 2144 mutandum

145 2168 218 2192 esse
236 2159 272 2191 in
292 2155 377 2200 αἷμα
397 2156 557 2191 δεύεειε
577 2159 598 2191 i.
620 2169 647 2191 e.
669 2155 880 2201 ‘sanguinem
898 2156 1095 2199 profundes'
1116 2160 1155 2192 cl.
1177 2159 1274 2201 Soph.
1295 2160 1348 2193 Ai.
1360 2162 1429 2194 375

145 2206 287 2240 κλυτοῑε
307 2204 619 2240 πεεὼναίπολίοιε
640 2205 789 2247 ἑρεμνόν
809 2203 885 2247 αἷμ’
904 2204 1038 2239 ἔδευεα.
1067 2207 1160 2240 Idem
1180 2209 1318 2241 verbum
1338 2209 1430 2241 reddi

145 2255 245 2288 debet
257 2255 327 2289 Ion.
340 2256 409 2289 226
431 2253 461 2288 εἰ
482 2254 546 2297 μὲν
566 2253 763 2289 ἑδεύεατε
784 2254 942 2289 πέλανον
957 2253 1027 2296 πρὸ
1043 2253 1173 2297 δόμων.
1204 2257 1294 2290 Libri
1309 2258 1432 2290 habent

146 2313 167 2335 ιι
191 2315 235 2338 ιιι.
259 2315 308 2346 pr.
338 2302 497 2345 ἑδύεατε,
527 2306 613 2346 quod
639 2305 744 2337 altera.
768 2315 884 2337 manus
915 2305 1055 2337 correxit
1084 2306 1119 2337 in
1149 2304 1302 2339 ἐλύεατε.
1342 2306 1429 2339 Illud

120 2388 125 2393 ⁴
145 2350 290 2386 ἑδύεατε
311 2364 383 2386 esse
403 2351 576 2394 ἐδεύεατε,
596 2364 662 2385 non
682 2354 768 2395 quod
789 2354 830 2385 de
845 2353 887 2386 H.
903 2353 1061 2395 Stephani
1078 2355 1264 2387 coniectura
1283 2355 1433 2388 scribunt

122 2448 124 2450 ‚
146 2397 304 2442 ἔθυεατε,
325 2403 359 2434 et-
379 2401 476 2434 litera
492 2400 527 2434 Δ
548 2402 643 2434 docet
662 2404 696 2434 et
715 2412 768 2434 res
788 2402 874 2444 ipsa;
894 2413 971 2434 nam
987 2403 1088 2435 verba
1107 2402 1265 2436 πέλανον
1286 2401 1429 2437 {enitare
