1616 2762
901 228 1075 273 .2·1¹.‡11180,
1101 229 1188 264 ned.
1211 229 1295 270 149,
1315 230 1397 270 204,

372 278 463 322 “93⁰
486 278 833 322 &cumputandum
860 281 927 321 est,
957 280 996 312 ut
1019 279 1149 312 librarii
1176 277 1315 319 ἰαχεῖν
1333 289 1399 319 pro

67 366 71 370 ἡ
124 334 251 373 «ὶχειν
268 326 449 361 merent.
485 326 551 361 err.
567 326 647 361 Oed.
663 327 700 360 Τ.
719 329 786 361 185
804 328 863 360 ubi
877 327 1022 370 optimus
1036 328 1121 360 liber
1134 324 1430 375 ἑπιςτονάχουςι.,ῃ

73 370 190 431 (βίοῖ)
202 374 348 423 ,praebet
365 386 425 418 pro
441 372 715 418 ἑπιςτενάχουςι.
751 376 815 416 Qui
835 377 923 410 enim
943 377 1035 410 locus
1055 377 1195 410 formam
1213 376 1398 419 praesentis

0 425 43 472 f(
87 439 99 450 ·-
111 422 227 470 ἰαχεῖν
245 426 425 458 contestari
444 427 590 466 videtur,
615 427 695 460 Eur.
714 426 768 459 Or.
791 428 876 467 965,
901 426 959 458 ubi
983 426 1062 458 libri
1081 426 1237 459 exhibent
1256 423 1398 466 ἰαχείτω

0 488 2 504 ;
45 492 53 519 3·
109 470 148 507 'et
165 473 332 507 Personas
353 474 485 515 scripsit
504 472 681 515 ἰακχείτω,
706 475 735 508 is
756 485 831 507 cum
850 474 1069 517 aequabilitas
1090 475 1256 515 strophica
1274 474 1399 506 violata

0 536 9 565 ε,
24 517 32 556 s
50 536 68 568 s
113 521 166 563 sit,
186 520 271 554 nihil
283 521 490 557 auctoritatis
505 523 616 557 habet.
646 523 756 566 Atque
771 523 926 566 quoniam
940 523 1092 564 vidimus,
1112 523 1264 556 librarios
1285 520 1398 563 ἰαχεῖν

43 584 47 589 ’
110 581 172 614 pro
191 567 293 612 ἀχεῑν
310 571 440 604 inferre
465 573 580 606 solitos
605 583 691 613 esse,
717 573 753 614 in
776 584 807 606 v.
833 573 963 605 antistr.
985 573 1055 605 976
1082 583 1147 604 non
1174 573 1213 605 de
1233 572 1399 612 Har-tangi

101 618 297 653 'coniectura
317 611 411 652 ἰὼ“ὤ
432 621 544 661 scribi,
570 621 628 654 sed
648 619 690 654 ἰὼ
711 623 836 654 temere
855 632 876 653 a
894 621 1039 653 librariis
1066 621 1269 661 duplicatum
1288 620 1399 661 putari

2 643 46 681 ‘l‘
112 666 224 709 debet,
253 668 288 701 id
319 668 406 710 quod
436 670 615 703 sexcenties
645 670 772 703 factum
801 680 874 703 esse
899 671 1037 702 constat.
1049 664 1191 711 ’Itaque
1215 669 1250 701 in
1275 680 1305 702 v.
1328 669 1396 701 965

110 713 268 759 ἀχείτω
289 715 328 750 δὲ
349 716 395 757 γᾶ
417 716 621 760 Κυπλωπία,
641 720 676 752 in
695 731 726 752 v.
748 720 817 752 976
841 717 887 751 ἰὼ
909 715 1127 758 πανδάκρυτ’
1147 715 1327 759 ὀδύρματα
1347 728 1399 749 re-

111 766 307 808 ponendum.
342 766 415 799 Hel.
438 769 530 801 1147
558 769 660 800 verba
684 766 740 800 καὶ
766 766 846 808 ἰαχὴ
874 766 913 808 ςὴ
939 764 1020 800 καθ’
1039 764 1225 799 Ἑλλανίαν
1244 768 1399 807 corrupta

111 815 189 847 sunt
208 825 315 856 neque
335 816 491 848 concinna
511 828 541 849 v.
562 817 691 849 antistr.
714 818 806 849 1161
829 816 894 849 νῦν
915 812 952 848 δ’
971 814 1005 848 οἳ
1026 814 1090 856 μὲν
1110 813 1212 858 Ἅιδᾳ
1234 814 1399 856 μέλονται

110 860 215 896 κάτω.
250 863 505 898 Emendationes
532 863 687 906 ἰαχήθης,
719 862 854 906 ἰάχηςαι
880 865 927 897 eis
956 875 1040 906 quae
1066 866 1165 897 antea.
1189 864 1398 906 exposuimus

110 922 175 946 non
195 913 447 954 comprobantur
466 925 572 956 neque
591 915 699 947 forma
717 914 842 956 passivi
861 914 995 946 aliunde
1015 914 1147 956 cognita.
1171 915 1232 947 est.
1267 912 1397 946 Conicio

111 959 176 994 καί
197 958 231 994 ς’
251 958 330 1002 εἶχ’
350 959 448 1002 ἰαχὰ
468 960 559 997 καθ’
578 961 762 996 Ἑλλανίαν
778 959 905 1004 ἄδικος,
921 959 1073 1003 ἄπιςτος,
1090 959 1266 1002 προδότις,
1282 958 1397 1002 ἄθεος,

110 1009 146 1043 in
170 1010 289 1052 quibus
316 1008 398 1052 ἰαχὰ
422 1008 540 1045 ἄδικος
566 1038 573 1045 .
595 1038 602 1045 .
629 1009 733 1046 ἄθεος
762 1012 890 1054 poetica
914 1012 1041 1045 ratione
1067 1011 1186 1044 dicitur
1211 1013 1250 1044 ut
1278 1008 1399 1052 φάςμα
1444 1021 1446 1023 ’

111 1057 297 1093 πεπτωκός
323 1059 420 1101 Soph.
445 1062 496 1094 ΕΙ.
520 1063 623 1095 1467.
663 1061 766 1100 Quem
793 1063 905 1094 autem
930 1061 1198 1103 praescripsimus
1229 1060 1398 1102 Sophoclis

111 1109 228 1148 locum,
248 1108 289 1141 de
305 1118 343 1141 eo
358 1109 424 1141 iam
435 1112 589 1143 constare
609 1111 708 1143 debet
723 1110 810 1152 quod
824 1110 1011 1145 Ellendtius
1028 1120 1052 1142 s.
1069 1121 1098 1142 v.
1109 1107 1254 1150 iuxui'oc
1270 1108 1397 1141 scribit:

53 1160 56 1162 ’
114 1153 237 1198 ‘neque
258 1157 298 1189 de
317 1161 490 1198 praesente
512 1157 625 1199 ἰαχεῖν
641 1159 720 1191 satis
736 1160 825 1191 certo
841 1160 969 1206 constat
984 1169 1089 1200 neque
1109 1169 1175 1190 non
1195 1159 1398 1190 contractum

110 1206 145 1238 in
165 1203 276 1246 ἰαχῶν
296 1208 509 1247 praetulisset
527 1204 652 1249 poeta'.
688 1208 804 1248 Itaque
823 1218 865 1239 ne
888 1207 1096 1248 participium
1117 1204 1236 1246 ἀχέων
1255 1207 1397 1247 quidem,

60 1260 73 1268 ³
111 1254 198 1296 quod
217 1254 413 1295 Blaydesius
432 1256 546 1297 reponi
564 1256 659 1288 iubet
677 1256 840 1288 coniciens
860 1252 1033 1296 περίαλλά
1054 1252 1087 1287 ς’
1107 1253 1239 1296 ἀχέων,
1263 1255 1398 1295 probari

111 1304 230 1345 potest.
255 1302 348 1340 Quod
363 1304 413 1336 El.
432 1305 499 1342 158
516 1304 640 1346 legitur
655 1301 782 1345 ἀχέων,
801 1304 837 1336 id
851 1314 916 1336 non
925 1298 1013 1336 ‘licet
1031 1303 1240 1345 participium
1260 1304 1397 1345 epicum,

111 1351 169 1384 sed
194 1362 268 1394 gen.
293 1352 377 1393 plur.
398 1353 538 1386 nominis
563 1350 650 1394 ἄχος
675 1353 807 1386 habere.
842 1352 1013 1386 Sententia
1035 1352 1109 1395 ipsa
1133 1352 1330 1385 adiectivum
1355 1353 1397 1385 ad

111 1411 231 1434 nomen
250 1399 432 1442 ςτομάτων
451 1403 659 1435 referendum
679 1403 810 1436 videtur
830 1402 1007 1444 requirere.
1041 1402 1088 1435 At
1107 1402 1194 1444 quod
1208 1402 1399 1435 Erfurdtius

112 1450 224 1482 intulit
237 1445 411 1493 ,ἷακχίων,
441 1452 475 1483 id
501 1452 542 1483 ab
567 1453 638 1493 ipso
664 1452 834 1485 inventum
861 1453 913 1485 est
936 1462 1042 1492 neque
1067 1451 1131 1483 fide
1159 1452 1398 1492 comprobatur.

2 1486 5 1487 ⁷
55 1515 60 1517 -
111 1498 183 1540 Ego
195 1495 310 1531 -scribo
336 1497 483 1540 δύρομαι
507 1498 575 1540 γὰρ
601 1497 650 1532 ῶς
678 1497 840 1541 περίαλλ’
865 1497 1048 1540 ἰαλέμων
1073 1498 1112 1532 ἐκ
1137 1497 1318 1540 ςτομάτων
1344 1498 1399 1541 (ex
1462 1514 1470 1521 ·

111 1557 167 1580 ore
192 1547 395 1581 lamentabili
425 1549 494 1582 sive
519 1560 597 1582 voce
627 1548 745 1591 flebili)
771 1550 810 1582 cl.
837 1549 980 1591 Hesych.
1011 1546 1179 1589 ἰαλέμων·
1209 1547 1397 1590 δυςτήνων,

111 1593 244 1628 ἀθλίων
265 1598 299 1628 et
318 1597 397 1629 Eur.
417 1597 514 1629 Here.
537 1599 604 1630 109
628 1596 782 1638 ἰαλέμων
801 1595 908 1637 γόων.
1143 1591 1148 1596 ’

211 1644 327 1677 Trach.
349 1646 418 1678 904
442 1645 593 1687 βρυχᾶτο
616 1644 678 1686 μὲν
701 1646 842 1688 βωμοῖςι
862 1643 1120 1686 προςπίπτους’
1144 1643 1206 1678 ὅτι.

111 1692 161 1726 De
181 1692 294 1726 formis
315 1691 454 1727 πίπτειν
475 1697 509 1727 et
528 1692 663 1735 πίτνειν
678 1695 772 1728 nobis
788 1695 1165 1737 disputatum-primum
1187 1695 1399 1728 statuendum

111 1743 177 1782 est,
207 1742 241 1774 id
271 1744 359 1783 quod
388 1744 454 1775 iam
484 1744 660 1776 Elmsleius
691 1745 733 1776 ad
762 1745 841 1776 Eur.
871 1745 956 1777 Med.
985 1746 1078 1778 1174
1106 1740 1234 1788 (1205)
1262 1743 1397 1782 monuit4

79 1790 261 1836 glibrarios
274 1793 433 1833 proclives
452 1793 553 1833 fuisse
572 1794 616 1825 ad
634 1794 774 1834 sormam
794 1803 988 1826 communem
1008 1791 1177 1826 πίπτειν
1197 1794 1304 1825 minus
1319 1802 1399 1825 com-

60 1844 65 1847 ”
110 1841 201 1873 numi
220 1841 327 1881 somna
347 1839 514 1874 πίτνειν
535 1844 799 1875 commutandam.
830 1843 916 1875 Nam
933 1843 983 1875 Ai.
997 1844 1042 1875 58
1064 1839 1121 1874 ὅτ’
1141 1838 1266 1874 ἄλλοτ’
1287 1838 1398 1873 ἄλλον

110 1886 286 1929 ἐμπίτνων
307 1890 555 1930 ςτρατηλατῶν
577 1893 610 1922 et
630 1890 666 1923 O.
687 1890 755 1923 Col.
778 1892 872 1942 1724
899 1887 928 1922 ὦ
954 1889 1079 1923 τέκνον
1100 1889 1232 1929 Αἰγέως
1253 1887 1397 1930 προςπί-

68 1961 72 1965 -
110 1935 240 1978 τνομέν
265 1947 317 1971 ςοι
344 1939 488 1980 optimus
512 1939 598 1971 liber
623 1939 720 1972 Laur.
741 1939 844 1972 habet
867 1936 1110 1979 ἐμπίπτων·οῂ
1135 1935 1397 1979 προςπίπτομέν

111 1988 226 2019 contra
249 1989 401 2020 metrum.
422 1987 553 2020 'Aesch.
573 1987 636 2029 Ag.
660 1989 752 2020 1468
779 1985 952 2028 ἐμπίτνεις
978 1987 1139 2019 Canterus
1165 1987 1313 2027 restituit
1338 1997 1397 2027 pro

111 2031 304 2075 ἐμπίπτεις,
333 2037 425 2068 1128
447 2036 531 2068 liber
551 2036 715 2068 Mediceus
735 2033 847 2069 πίτνει
868 2036 1000 2069 exhibet
1019 2046 1039 2068 a
1059 2047 1108 2077 pr.
1128 2047 1180 2074 m.,
1202 2032 1299 2067 πίπει
1320 2033 1398 2076 (sic)

112 2082 153 2117 ab
168 2084 363 2117 correctore.
403 2085 482 2117 Eur.
503 2084 587 2117 Med.
606 2086 697 2118 1195
720 2085 804 2126 libor
823 2085 909 2117 Flor.
931 2086 965 2117 et
984 2084 1055 2117 Pal.
1076 2082 1208 2124 πίπτει,
1229 2085 1398 2125 praestan-

111 2131 213 2164 tiores
228 2133 354 2165 codices
370 2131 492 2173 πίτνει,
510 2134 583 2165 Tro.
597 2135 666 2166 762
683 2126 848 2166 ΙίδοτῬαΙ.
864 2130 1072 2174 πρόςπιπτε,
1094 2133 1191 2165 ceteri
1210 2129 1399 2173 πρόςπιτνε
1431 2140 1436 2147 ’

97 2181 279 2222 praebent.
309 2181 360 2214 De
376 2192 439 2214 usu
458 2182 577 2214 harum
597 2182 777 2215 formarum
797 2182 861 2214 duo
881 2182 1065 2214 discernere
1084 2182 1175 2214 licet:
1196 2192 1274 2214 nam
1293 2182 1399 2221 forma

111 2226 276 2262 πίτνειν
295 2233 354 2263 aut
366 2232 459 2262 metri
474 2240 574 2263 causa
587 2233 704 2271 poetae
723 2232 836 2271 traqici
856 2231 965 2263 eadem
984 2241 1048 2270 qua
1068 2228 1240 2263 πίπτειν
1259 2231 1312 2263 usi
1325 2233 1400 2263 sunt

59 2291 66 2301 ι
111 2280 170 2310 aut
187 2280 362 2319 temperata
381 2280 515 2311 cadendi
534 2281 780 2319 sianifioatione,
800 2282 836 2312 ut
854 2280 903 2312 vel
922 2279 1104 2311 tarditatem
1123 2280 1172 2311 vel
1191 2280 1332 2311 decorem
1352 2280 1399 2311 vel

111 2326 273 2359 mollitiem
292 2328 456 2367 quandam
469 2328 609 2373 *cadendi
628 2328 801 2369 depinyat„
816 2327 922 2361 Metro
937 2327 1119 2369 requiritur
1138 2328 1244 2361 forma
1264 2325 1399 2360 πίτνειν

0 2387 20 2421 :5
82 2398 85 2401 »
110 2374 169 2409 vel
193 2376 379 2417 temperata.
408 2377 462 2409 vel
492 2387 557 2409 non
587 2378 772 2418 temperata.
802 2373 1037 2419 significatione
1066 2377 1118 2409 his
1147 2377 1245 2410 locis:
1281 2376 1398 2409 Aesch.

0 2446 45 2472 9
111 2421 201 2465 Sept.
223 2425 307 2467 759,
338 2424 451 2468 Suppl.
474 2427 559 2467 120,
593 2425 657 2467 Ag.
681 2426 788 2467 1128,
822 2427 930 2466 1175,
961 2426 1082 2467 1468,·
1102 2426 1210 2465 1532,
1242 2425 1321 2458 Cho.
1341 2426 1398 2464 36,
