1616 2762
139 366 150 373 Ἴ
174 351 337 419 :mr
364 386 404 409 ea
433 377 552 418 quibus
579 377 698 410 chorus
729 388 760 411 v.
781 377 853 410 479
874 387 944 418 sqq.
974 376 1125 418 reginam
1155 375 1293 418 carpsit,
1330 372 1476 408 efficitur

0 859 50 1223 wwvvfff
23 818 37 839 ,α

195 459 207 465 ,ἢ
223 421 480 466 ytaemnestram
500 435 574 466 cum
592 425 789 458 adventaret
807 435 924 466 praeco
943 425 979 457 in
998 434 1095 458 scena
1113 424 1226 457 fuisse.
1255 424 1382 457 Deinde
1401 423 1473 457 ve'r-

141 489 144 492 >
183 481 258 512 sum
279 473 351 507 500
371 470 410 506 εὗ
435 470 503 514 γὰρ
527 471 616 514 πρὸ(
642 471 681 506 εὖ
707 473 847 514 φανεῖει
872 471 1047 514 προὲθήκη
1072 471 1175 506 πέλοι
1196 473 1378 506 clausulam
1402 482 1473 506 ora-

183 521 283 558 tionis
305 531 376 554 esse
390 524 543 564 apparet,
563 524 602 554 ut
615 532 730 555 versus
751 522 816 554 duo
835 522 973 563 proximi
993 521 1100 557 eidem
1120 521 1173 554 eui
1187 532 1218 554 v.
1238 521 1472 563 praecedentes

183 570 255 603 dari
273 573 447 611 nequeant.
482 570 586 611 Atqui
610 581 705 603 nemo
729 571 789 602 hos
809 580 924 602 versus
945 569 1245 611 Clytaemestrae,
1270 570 1346 602 illos
1373 570 1471 602 choro

182 618 329 651 tribuere
353 618 444 651 velit.
475 618 649 650 Postremo
674 628 780 659 neque
809 618 899 650 abire
924 627 1031 658 neque
1057 617 1148 649 adire
1173 616 1471 659 Clytaemnestram

73 662 75 665 ¹
92 663 96 666 ’
139 672 142 673 ’
182 666 250 700 ullo
265 666 366 700 verbo
381 667 560 700 secundum
574 668 747 709 poetarum
758 665 959 699 Graecorum
972 665 1242 699 consuetudinem
1257 665 1470 708 significatur.

181 715 254 748 Hac
271 715 306 748 in
322 715 513 748 diversitate
529 725 702 748 causarum
717 715 850 748 intersit
868 715 976 747 locum
997 714 1115 747 afferre
1134 715 1289 748 idoneum
1303 714 1361 756 qni
1378 714 1472 747 dubi-

180 764 340 796 tationem
360 764 494 804 eximat,

128 845 136 851 ,
188 823 236 846 ·v.
257 804 328 845 598
354 810 411 845 καὶ
430 812 496 845 νῦν
515 810 560 845 τὰ
580 809 695 853 μάεεω
717 810 780 853 μὲν
799 809 832 844 τί
853 811 907 845 δεῖ
927 808 961 844 c’
980 809 1058 853 ἐμοὶ
1079 808 1215 851 λέγειν·

356 857 507 899 ἄνακτος
528 859 638 894 αὐτοῦ
659 858 776 894 πάντα
796 859 966 902 πεύεομαι
987 858 1106 900 λόγον.

169 910 242 943 His
262 910 372 943 verbis
393 920 467 942 cum
483 909 782 952 Clytaemnestram
800 912 899 951 poeta
918 920 1061 951 causam,
1082 919 1139 942 car
1157 909 1238 942 nihil
1258 919 1295 942 ex
1308 919 1469 950 praecone

35 957 71 984 „i
136 978 139 979 ν
172 958 329 1000 quaerat,
359 958 550 991 afferentem
575 959 675 991 faciat
700 959 824 991 scilicet
846 959 961 991 nolens
985 959 1136 1000 repetere
1161 968 1245 999 quae
1267 960 1468 1000 spectatores

104 1007 109 1009 “
178 1007 245 1040 iam
270 1007 479 1048 audiverunt,
508 1007 657 1049 sequitur
678 1006 962 1048 Clytaemnestram
981 1009 1076 1040 antea
1095 1016 1160 1039 non
1184 1008 1219 1039 in
1237 1016 1333 1040 scena
1355 1008 1467 1047 faisse.

179 1055 281 1088 Adire
301 1056 405 1097 igitur
424 1066 464 1088 ea
483 1056 630 1097 putanda
646 1057 710 1098 est,
731 1066 805 1088 cum
827 1066 945 1097 praeco
966 1057 1133 1097 postrema
1152 1056 1321 1097 praedicat
1335 1052 1467 1096 Τροίαν

179 1100 323 1137 ἑλόντε(
343 1101 411 1137 κτὲ.
433 1100 480 1147 β.
501 1099 602 1148 577),
629 1106 728 1145 atque
749 1115 778 1136 v.
800 1105 870 1136 585
898 1101 1019 1144 δόμοι(
1045 1102 1084 1136 δὲ
1111 1103 1222 1136 ταῦτα
1241 1101 1299 1136 καὶ
1321 1102 1464 1136 Κλυται-

179 1150 331 1195 μνήστρᾳ
351 1150 468 1193 μέλειν
488 1149 556 1185 κτὲ.
577 1152 780 1194 coryphaeus
800 1152 945 1184 animum
964 1152 1133 1194 praeconis
1147 1147 1191 1184 ad
1205 1152 1354 1194 reginam
1368 1152 1464 1185 domo

178 1211 346 1244 egressam
370 1201 523 1234 advertit.
558 1201 670 1234 Verba
694 1198 750 1234 καί
774 1198 826 1234 τί(
852 1197 891 1242 μ’
915 1198 1068 1234 ἐνίπτων
1095 1197 1172 1234 εἶπε
1197 1198 1267 1234 κτὲ.
1291 1212 1366 1234 cum
1389 1211 1464 1243 per-
1476 1228 1481 1233 .

165 1250 344 1293 'stringant
370 1260 483 1283 vocem
506 1250 654 1283 auditam
679 1250 871 1292 priusquam
895 1260 989 1283 sacra
1017 1249 1136 1282 fierent
1159 1246 1270 1292 (ὅμως
1295 1246 1332 1282 δ’
1356 1247 1463 1283 ἔθυον

176 1311 207 1333 v.
228 1295 331 1343 594),
360 1299 479 1332 chorus
505 1300 616 1331 autem
645 1300 721 1341 post
751 1309 844 1332 sacra
874 1299 964 1331 facta
987 1298 1153 1331 introierit
1180 1299 1303 1340 illaque
1332 1298 1462 1341 dixerit,

175 1347 310 1381 consilio
335 1347 467 1389 quidem
483 1348 608 1389 poetae
628 1348 670 1380 ad
688 1347 780 1380 illam
800 1348 891 1380 chori
911 1347 1109 1380 sententiam
1128 1347 1329 1387 referuntur,
1357 1347 1463 1388 specie

177 1398 288 1429 autem
307 1396 350 1428 ad
374 1396 521 1428 homines
546 1396 713 1437 quoslibet
732 1396 772 1428 de
795 1396 917 1437 populo
941 1395 1117 1437 pertinent.
1150 1395 1223 1428 Iam
1242 1396 1378 1428 dubium
1397 1405 1463 1428 non
1512 1410 1516 1413 ·

137 1443 148 1452 ⁶
176 1445 254 1486 erit,
273 1444 353 1486 quin
373 1455 404 1478 v.
424 1445 619 1477 489—500
635 1444 753 1481 ,eodem
773 1444 869 1477 modo
890 1444 1093 1487 coryphaeus
1113 1444 1244 1486 recitet,
1265 1454 1329 1486 quo
1348 1455 1378 1478 v.
1391 1445 1461 1477 258

175 1493 263 1526 idem
282 1503 414 1526 carmen
434 1493 524 1525 chori
544 1493 672 1535 excipit.
707 1492 747 1525 V.
769 1493 850 1526 500.
871 1493 940 1526 501
963 1494 1075 1526 autem
1094 1493 1178 1525 nulli
1197 1492 1300 1525 tribui
1324 1495 1464 1534 possunt

174 1541 239 1575 nisi
259 1542 435 1574 choreutae
455 1541 521 1574 alii.
556 1541 642 1574 Huic
661 1541 782 1583 ratiqni
801 1542 977 1574 admodum
996 1541 1275 1574 accommodatum
1300 1543 1353 1574 est
1375 1541 1463 1583 quod

176 1590 212 1625 Ο.
228 1590 388 1623 Mullorus
403 1590 496 1631 vidit,
518 1590 659 1632 epodum
674 1591 866 1624 475—488
883 1590 1022 1633 singulis
1038 1590 1202 1623 choreutis
1222 1590 1365 1622 dandam
1380 1600 1462 1623 esse.

169 1639 258 1673 ‘Cum
283 1641 396 1672 autem
421 1640 535 1680 aperte
564 1650 639 1672 cum
662 1639 851 1672 Hermanno
881 1641 1038 1681 quattuor
1067 1641 1180 1680 partes
1210 1639 1461 1680 distinguendae

175 1688 256 1721 sint:
287 1685 399 1728 πυρὸς
424 1684 460 1719 δ’
484 1684 549 1719 ὑπ’
574 1684 769 1727 εὐαγγέλου
794 1712 802 1720 .
823 1712 830 1720 .
858 1685 982 1727 ψύθος.
1008 1704 1048 1710 —-
1082 1685 1134 1720 ric
1164 1683 1235 1720 ὧδε
1261 1685 1409 1720 παιδνὸς
1438 1686 1459 1728 ἢ

174 1735 319 1778 φρενῶν
339 1733 550 1777 κεκομμένος
571 1760 597 1768 ..
618 1735 754 1776 καμεῑν;
770 1753 820 1758 --
839 1734 1004 1775 γυναικὸς
1024 1733 1130 1779 αἰχμᾷ
1150 1734 1276 1776 πρέπει
1296 1760 1323 1768 ..
1345 1735 1459 1769 ξυναι-

173 1784 278 1819 νέεαι.
301 1801 343 1807 -
368 1782 515 1818 πιθανὸς
535 1780 627 1824 ἄγαν
647 1810 654 1816 .
677 1809 685 1817 .
705 1782 823 1825 κλέος,
847 1784 898 1817 his
919 1786 1077 1826 quattuor
1096 1784 1261 1817 choi-eutis
1281 1784 1356 1817 illos
1377 1784 1458 1817 duos

173 1835 202 1867 si
231 1833 396 1873 addimus,
426 1833 662 1866 hemichorium
693 1843 751 1871 sex
779 1833 1010 1865 choreutarum
1039 1833 1208 1866 habemus.
1248 1832 1317 1865 Nec
1346 1834 1460 1865 tamen

122 1906 128 1913 ,
171 1882 342 1925 probabile
361 1882 507 1923 videtur,
532 1892 589 1915 sex
608 1882 781 1915 choreutas
801 1882 836 1914 in
855 1881 960 1915 vicem
979 1881 1149 1923 recitasse,
1175 1881 1377 1923 probabilius
1397 1882 1458 1923 est,

235 1941 268 1964 es
290 1931 552 1964 hemichorwrwm
574 1932 596 1964 i.
618 1941 642 1963 e.
670 1931 879 1971 coryphaeum
904 1931 937 1963 et
956 1927 1225 1971 παραετάτην
1251 1930 1458 1963 alternavisse

190 1976 223 2014 α’
238 1979 432 2016 475-478,
449 1975 478 2021 β’
493 1981 687 2017 479—482,
703 1974 736 2012 α’
753 1980 946 2016 483-484,
964 1975 993 2021 β’
1008 1979 1200 2016 485-488,
1216 1975 1249 2019 α’
1265 1979 1457 2016 489-500,

173 2026 203 2072 ff
223 2024 525 2110 5⁰}1au5doflienum
540 2077 640 2109 fuerit
660 2077 799 2109 duorum
813 2077 953 2109 aliorum
966 2077 1112 2110 locorum
1127 2075 1325 2108 mentionem
1339 2076 1457 2118 facere,

171 2126 290 2169 quibus
309 2127 399 2159 recta
417 2126 687 2167 interpretatione
706 2126 873 2168 opiniones
898 2126 939 2158 de
963 2125 1062 2158 rebus
1083 2125 1218 2158 scenicis
1238 2125 1457 2167 corriguntur.

100 2198 107 2202 -
171 2175 265 2208 Unus
285 2177 337 2208 est
356 2174 447 2207 Pers.
466 2175 535 2208 859
557 2171 641 2213 ἀλλ’
661 2171 729 2216 εἶμι
747 2173 805 2208 καὶ
825 2174 979 2216 λαβοῡεα
997 2171 1126 2215 κόεμον
1147 2172 1193 2207 ἐκ
1206 2170 1326 2215 δόμων
1345 2171 1457 2207 ὑπαν-

170 2220 300 2258 τιάζειν
325 2220 423 2256 παιδί
454 2232 520 2264 μου
551 2220 764 2264 πειράεομαι.
804 2224 854 2256 Ex
883 2223 935 2256 his
959 2221 1047 2256 enim
1071 2223 1181 2256 verbis
1206 2222 1392 2265 Koechlyus
1422 2222 1458 2255 in

171 2272 404 2307 dissertatione
424 2272 464 2304 de
484 2272 641 2315 Aeschyli
660 2272 772 2306 Persis
793 2272 886 2306 Actis
900 2272 1018 2306 XXIX.
1037 2274 1185 2306 convent.
1206 2272 1324 2305 Philol.
1345 2271 1455 2305 Germ.

170 2322 296 2365 inserta
316 2321 444 2353 efficere
466 2321 529 2354 sibi
549 2321 640 2354 visus
666 2323 730 2363 est,
755 2332 867 2355 veram
887 2321 1068 2354 clausulam
1092 2321 1224 2354 fabulae
1249 2321 1401 2354 interisse
1421 2321 1456 2353 in

170 2371 274 2417 efflue
304 2369 453 2403 clausula.
484 2369 640 2403 Atossam
675 2370 782 2403 denuo
811 2370 847 2403 in
876 2381 1007 2404 scenam
1035 2380 1203 2413 egressam
1231 2371 1358 2403 vestem
1387 2369 1456 2402 filio

1545 63 1616 108 ῥῖν’
