<?xml version="1.0" encoding="UTF-8"?>
<!DOCTYPE html PUBLIC "-//W3C//DTD XHTML 1.0 Transitional//EN"
    "http://www.w3.org/TR/xhtml1/DTD/xhtml1-transitional.dtd">
<html xmlns="http://www.w3.org/1999/xhtml" xml:lang="en" lang="en">
 <head>
  <title>
</title>
<meta http-equiv="Content-Type" content="text/html;charset=utf-8" />
  <meta name='ocr-system' content='tesseract 3.04.00' />
  <meta name='ocr-capabilities' content='ocr_page ocr_carea ocr_par ocr_line ocrx_word'/>
</head>
<body>
  <div class='ocr_page' id='page_1' title='image "4737373_0020.png"; bbox 0 0 1616 2762; ppageno 0'>
   <div class='ocr_carea' id='block_1_1' title="bbox 1087 212 1616 332">
    <p class='ocr_par' dir='ltr' id='par_1_1' title="bbox 1087 212 1616 332">
     <span class='ocr_line' id='line_1_1' title="bbox 1087 212 1616 264; baseline 0 2498"><span class='ocrx_word' id='word_1_1' title='bbox 1087 212 1616 264; x_wconf 95' lang='lat' dir='ltr'><strong> </strong></span> 
     </span>
     <span class='ocr_line' id='line_1_2' title="bbox 1118 264 1616 332; baseline 0 0"><span class='ocrx_word' id='word_1_2' title='bbox 1118 264 1616 332; x_wconf 95' lang='lat' dir='ltr'><strong>  </strong></span> 
     </span>
    </p>
   </div>
   <div class='ocr_carea' id='block_1_2' title="bbox 408 191 1183 333">
    <p class='ocr_par' dir='ltr' id='par_1_2' title="bbox 424 191 1183 333">
     <span class='ocr_line' id='line_1_3' title="bbox 424 191 1183 284; baseline -0.005 -8"><span class='ocrx_word' id='word_1_3' title='bbox 424 191 593 277; x_wconf 49' lang='grc' dir='ltr'><strong>Ὶόθὲἕεεξάιε</strong></span> <span class='ocrx_word' id='word_1_4' title='bbox 590 237 916 283; x_wconf 67' lang='grc' dir='ltr'><strong>ευπατρίδανΔιὸι</strong></span> <span class='ocrx_word' id='word_1_5' title='bbox 932 236 1087 284; x_wconf 76' lang='grc' dir='ltr'><strong>εὔφρονι</strong></span> <span class='ocrx_word' id='word_1_6' title='bbox 1154 255 1162 275; x_wconf 83' lang='grc'><strong>,·</strong></span> <span class='ocrx_word' id='word_1_7' title='bbox 1179 266 1183 270; x_wconf 83' lang='grc'>.</span> 
     </span>
     <span class='ocr_line' id='line_1_4' title="bbox 408 286 1148 333; baseline 0 -10"><span class='ocrx_word' id='word_1_8' title='bbox 408 289 560 333; x_wconf 88' lang='grc' dir='ltr'>βήματι</span> <span class='ocrx_word' id='word_1_9' title='bbox 573 287 737 332; x_wconf 84' lang='grc' dir='ltr'>μολόντα</span> <span class='ocrx_word' id='word_1_10' title='bbox 756 287 863 325; x_wconf 76' lang='grc' dir='ltr'>τάνδε</span> <span class='ocrx_word' id='word_1_11' title='bbox 884 289 953 331; x_wconf 79' lang='grc' dir='ltr'><strong>γᾶν</strong></span> <span class='ocrx_word' id='word_1_12' title='bbox 971 286 1118 332; x_wconf 69' lang='grc' dir='ltr'>Ὀρέστα</span> <span class='ocrx_word' id='word_1_13' title='bbox 1140 315 1148 323; x_wconf 92' lang='grc'><strong>.</strong></span> 
     </span>
    </p>
   </div>
   <div class='ocr_carea' id='block_1_3' title="bbox 188 321 1603 382">
    <p class='ocr_par' dir='ltr' id='par_1_3' title="bbox 188 317 1603 382">
     <span class='ocr_line' id='line_1_5' title="bbox 188 321 1603 382; baseline 0.001 -9"><span class='ocrx_word' id='word_1_14' title='bbox 188 341 242 373; x_wconf 86' lang='lat' dir='ltr'><strong>Ad</strong></span> <span class='ocrx_word' id='word_1_15' title='bbox 266 340 574 382; x_wconf 69' lang='lat' dir='ltr'><strong>interpretationem</strong></span> <span class='ocrx_word' id='word_1_16' title='bbox 598 339 698 372; x_wconf 76' lang='lat' dir='ltr'><strong>huius</strong></span> <span class='ocrx_word' id='word_1_17' title='bbox 724 336 919 372; x_wconf 76' lang='lat' dir='ltr'><strong>conclamati</strong></span> <span class='ocrx_word' id='word_1_18' title='bbox 942 338 1006 372; x_wconf 84' lang='lat' dir='ltr'><strong>loci</strong></span> <span class='ocrx_word' id='word_1_19' title='bbox 1030 339 1098 381; x_wconf 86' lang='lat' dir='ltr'><strong>aliq</strong></span> <span class='ocrx_word' id='word_1_20' title='bbox 1097 337 1155 371; x_wconf 82' lang='lat' dir='ltr'><strong>uid</strong></span> <span class='ocrx_word' id='word_1_21' title='bbox 1178 338 1329 372; x_wconf 74' lang='lat' dir='ltr'><strong>conferat</strong></span> <span class='ocrx_word' id='word_1_22' title='bbox 1345 339 1497 382; x_wconf 62' lang='lat' dir='ltr'><strong>moneri,</strong></span> <span class='ocrx_word' id='word_1_23' title='bbox 1601 321 1603 323; x_wconf 17' lang='grc' dir='ltr'><strong><em>ι</em></strong></span> 
     </span>
    </p>
   </div>
   <div class='ocr_carea' id='block_1_4' title="bbox 187 383 1500 493">
    <p class='ocr_par' dir='ltr' id='par_1_4' title="bbox 187 383 1500 480">
     <span class='ocr_line' id='line_1_6' title="bbox 187 383 1500 432; baseline -0.002 -11"><span class='ocrx_word' id='word_1_24' title='bbox 187 390 293 422; x_wconf 80' lang='lat' dir='ltr'><strong>locum</strong></span> <span class='ocrx_word' id='word_1_25' title='bbox 315 388 453 421; x_wconf 80' lang='lat' dir='ltr'><strong>Homeri</strong></span> <span class='ocrx_word' id='word_1_26' title='bbox 473 385 555 420; x_wconf 75' lang='grc' dir='ltr'><strong>τίεω</strong></span> <span class='ocrx_word' id='word_1_27' title='bbox 575 385 615 420; x_wconf 86' lang='grc' dir='ltr'><strong>δέ</strong></span> <span class='ocrx_word' id='word_1_28' title='bbox 637 396 694 428; x_wconf 89' lang='grc' dir='ltr'><strong>μιν</strong></span> <span class='ocrx_word' id='word_1_29' title='bbox 714 383 790 420; x_wconf 77' lang='grc' dir='ltr'>ἷεον</span> <span class='ocrx_word' id='word_1_30' title='bbox 806 383 949 430; x_wconf 79' lang='grc' dir='ltr'>Ὀρέετῃ</span> <span class='ocrx_word' id='word_1_31' title='bbox 970 383 1011 419; x_wconf 80' lang='grc' dir='ltr'><strong>ὅ(</strong></span> <span class='ocrx_word' id='word_1_32' title='bbox 1030 395 1089 428; x_wconf 88' lang='grc' dir='ltr'><strong>μοι</strong></span> <span class='ocrx_word' id='word_1_33' title='bbox 1102 384 1295 427; x_wconf 68' lang='grc' dir='ltr'>τηλύγετος</span> <span class='ocrx_word' id='word_1_34' title='bbox 1313 384 1500 432; x_wconf 54' lang='grc' dir='ltr'><strong>τρέφεται</strong></span> 
     </span>
     <span class='ocr_line' id='line_1_7' title="bbox 189 431 1483 493; baseline -0.001 -22"><span class='ocrx_word' id='word_1_35' title='bbox 189 435 291 493; x_wconf 85' lang='grc' dir='ltr'>θαλίῃ</span> <span class='ocrx_word' id='word_1_36' title='bbox 318 434 371 470; x_wconf 86' lang='grc' dir='ltr'><strong>ἐνὶ</strong></span> <span class='ocrx_word' id='word_1_37' title='bbox 391 435 507 480; x_wconf 84' lang='grc' dir='ltr'>πολλῇ</span> <span class='ocrx_word' id='word_1_38' title='bbox 534 432 566 480; x_wconf 91' lang='lat'><strong>(1</strong></span> <span class='ocrx_word' id='word_1_39' title='bbox 589 431 675 479; x_wconf 85' lang='lat'>142)</span> <span class='ocrx_word' id='word_1_40' title='bbox 701 437 819 477; x_wconf 88' lang='lat' dir='ltr'><strong>poetae</strong></span> <span class='ocrx_word' id='word_1_41' title='bbox 844 435 1055 468; x_wconf 83' lang='lat' dir='ltr'><strong>obversatum</strong></span> <span class='ocrx_word' id='word_1_42' title='bbox 1079 445 1162 469; x_wconf 86' lang='lat' dir='ltr'><strong>esse.</strong></span> <span class='ocrx_word' id='word_1_43' title='bbox 1198 435 1271 474; x_wconf 81' lang='lat' dir='ltr'><strong>Qua.</strong></span> <span class='ocrx_word' id='word_1_44' title='bbox 1290 446 1327 468; x_wconf 88' lang='lat' dir='ltr'><strong>re</strong></span> <span class='ocrx_word' id='word_1_45' title='bbox 1347 435 1483 478; x_wconf 70' lang='lat' dir='ltr'><strong>cognita</strong></span> 
     </span>
    </p>
   </div>
   <div class='ocr_carea' id='block_1_5' title="bbox 188 473 1613 580">
    <p class='ocr_par' dir='ltr' id='par_1_5' title="bbox 188 473 1613 580">
     <span class='ocr_line' id='line_1_8' title="bbox 188 473 1612 541; baseline -0.001 -23"><span class='ocrx_word' id='word_1_46' title='bbox 188 485 295 541; x_wconf 72' lang='lat' dir='ltr'><strong>magis</strong></span> <span class='ocrx_word' id='word_1_47' title='bbox 315 485 410 524; x_wconf 72' lang='lat' dir='ltr'><strong>nobis</strong></span> <span class='ocrx_word' id='word_1_48' title='bbox 434 485 630 526; x_wconf 73' lang='lat' dir='ltr'><strong>probabitur</strong></span> <span class='ocrx_word' id='word_1_49' title='bbox 653 481 882 526; x_wconf 86' lang='lat' dir='ltr'><strong>interpretatio</strong></span> <span class='ocrx_word' id='word_1_50' title='bbox 901 483 1084 516; x_wconf 86' lang='lat' dir='ltr'><strong>Hermanni</strong></span> <span class='ocrx_word' id='word_1_51' title='bbox 1104 480 1249 516; x_wconf 73' lang='lat' dir='ltr'><strong>‘semota</strong></span> <span class='ocrx_word' id='word_1_52' title='bbox 1268 491 1302 516; x_wconf 86' lang='lat' dir='ltr'><strong>a</strong></span> <span class='ocrx_word' id='word_1_53' title='bbox 1312 483 1488 518; x_wconf 78' lang='lat' dir='ltr'><strong>doloribus</strong></span> <span class='ocrx_word' id='word_1_54' title='bbox 1507 518 1509 520; x_wconf 82' lang='grc'><strong>,</strong></span> <span class='ocrx_word' id='word_1_55' title='bbox 1538 473 1540 476; x_wconf 20' lang='lat' dir='ltr'>V</span> <span class='ocrx_word' id='word_1_56' title='bbox 1605 529 1612 533; x_wconf 24' lang='grc' dir='ltr'>ρ</span> 
     </span>
     <span class='ocr_line' id='line_1_9' title="bbox 188 529 1613 580; baseline -0.001 -13"><span class='ocrx_word' id='word_1_57' title='bbox 188 535 223 567; x_wconf 88' lang='lat' dir='ltr'><strong>in</strong></span> <span class='ocrx_word' id='word_1_58' title='bbox 242 535 379 567; x_wconf 80' lang='lat' dir='ltr'><strong>iuventa</strong></span> <span class='ocrx_word' id='word_1_59' title='bbox 397 529 494 566; x_wconf 86' lang='lat' dir='ltr'><strong>felix&#39;</strong></span> <span class='ocrx_word' id='word_1_60' title='bbox 516 534 550 565; x_wconf 93' lang='lat' dir='ltr'><strong>et</strong></span> <span class='ocrx_word' id='word_1_61' title='bbox 569 532 725 565; x_wconf 87' lang='lat' dir='ltr'><strong>mendum</strong></span> <span class='ocrx_word' id='word_1_62' title='bbox 744 532 807 565; x_wconf 92' lang='lat' dir='ltr'><strong>loci</strong></span> <span class='ocrx_word' id='word_1_63' title='bbox 826 532 946 574; x_wconf 83' lang='lat' dir='ltr'><strong>corrigi</strong></span> <span class='ocrx_word' id='word_1_64' title='bbox 967 532 1100 574; x_wconf 86' lang='lat' dir='ltr'><strong>poterit.</strong></span> <span class='ocrx_word' id='word_1_65' title='bbox 1130 532 1308 565; x_wconf 77' lang='lat' dir='ltr'><strong>Molestum</strong></span> <span class='ocrx_word' id='word_1_66' title='bbox 1323 532 1412 567; x_wconf 77' lang='lat' dir='ltr'><strong>enim</strong></span> <span class='ocrx_word' id='word_1_67' title='bbox 1431 533 1484 566; x_wconf 72' lang='lat' dir='ltr'><strong>est</strong></span> <span class='ocrx_word' id='word_1_68' title='bbox 1525 546 1530 551; x_wconf 53' lang='lat'><strong>⁴</strong></span> <span class='ocrx_word' id='word_1_69' title='bbox 1570 537 1613 580; x_wconf 50' lang='lat' dir='ltr'><strong>g}-</strong></span> 
     </span>
    </p>
   </div>
   <div class='ocr_carea' id='block_1_6' title="bbox 189 578 1496 2321">
    <p class='ocr_par' dir='ltr' id='par_1_6' title="bbox 189 578 1496 915">
     <span class='ocr_line' id='line_1_10' title="bbox 189 578 1482 624; baseline -0.002 -8"><span class='ocrx_word' id='word_1_70' title='bbox 189 580 297 616; x_wconf 84' lang='grc' dir='ltr'>τάνδε</span> <span class='ocrx_word' id='word_1_71' title='bbox 327 582 396 622; x_wconf 86' lang='grc' dir='ltr'><strong>γᾶν</strong></span> <span class='ocrx_word' id='word_1_72' title='bbox 426 583 502 624; x_wconf 87' lang='lat' dir='ltr'><strong>post</strong></span> <span class='ocrx_word' id='word_1_73' title='bbox 530 578 553 613; x_wconf 89' lang='grc' dir='ltr'><strong>ἁ</strong></span> <span class='ocrx_word' id='word_1_74' title='bbox 583 580 630 621; x_wconf 87' lang='grc' dir='ltr'><strong>γᾶ</strong></span> <span class='ocrx_word' id='word_1_75' title='bbox 660 579 808 620; x_wconf 85' lang='grc' dir='ltr'><strong>δέξεται;</strong></span> <span class='ocrx_word' id='word_1_76' title='bbox 843 581 956 622; x_wconf 88' lang='lat' dir='ltr'><strong>itaque</strong></span> <span class='ocrx_word' id='word_1_77' title='bbox 991 583 1146 623; x_wconf 84' lang='lat' dir='ltr'><strong>putamus</strong></span> <span class='ocrx_word' id='word_1_78' title='bbox 1177 578 1425 614; x_wconf 88' lang='grc' dir='ltr'>ΤΑΝΔΕΓΑΝ</span> <span class='ocrx_word' id='word_1_79' title='bbox 1442 591 1482 620; x_wconf 80' lang='lat' dir='ltr'><strong>ex</strong></span> 
     </span>
     <span class='ocr_line' id='line_1_11' title="bbox 189 628 1496 672; baseline -0.002 -8"><span class='ocrx_word' id='word_1_80' title='bbox 189 628 451 664; x_wconf 91' lang='grc' dir='ltr'>ΤΗΛΥΓΕΤΟΝ</span> <span class='ocrx_word' id='word_1_81' title='bbox 473 631 690 672; x_wconf 83' lang='lat' dir='ltr'><strong>depravatum</strong></span> <span class='ocrx_word' id='word_1_82' title='bbox 710 640 791 662; x_wconf 85' lang='lat' dir='ltr'><strong>esse.</strong></span> <span class='ocrx_word' id='word_1_83' title='bbox 820 629 893 661; x_wconf 83' lang='lat' dir='ltr'><strong>Hac</strong></span> <span class='ocrx_word' id='word_1_84' title='bbox 908 629 1084 667; x_wconf 81' lang='lat' dir='ltr'><strong>Homerica</strong></span> <span class='ocrx_word' id='word_1_85' title='bbox 1098 640 1176 662; x_wconf 80' lang='lat' dir='ltr'><strong>voce</strong></span> <span class='ocrx_word' id='word_1_86' title='bbox 1192 629 1292 661; x_wconf 83' lang='lat' dir='ltr'><strong>etiam</strong></span> <span class='ocrx_word' id='word_1_87' title='bbox 1307 628 1496 670; x_wconf 73' lang='lat' dir='ltr'><strong>Euripides</strong></span> 
     </span>
     <span class='ocr_line' id='line_1_12' title="bbox 189 674 1483 720; baseline -0.002 -8"><span class='ocrx_word' id='word_1_88' title='bbox 189 689 269 712; x_wconf 83' lang='lat' dir='ltr'><strong>usus</strong></span> <span class='ocrx_word' id='word_1_89' title='bbox 281 681 334 711; x_wconf 89' lang='lat' dir='ltr'><strong>est</strong></span> <span class='ocrx_word' id='word_1_90' title='bbox 343 679 414 720; x_wconf 89' lang='lat' dir='ltr'><strong>Iph.</strong></span> <span class='ocrx_word' id='word_1_91' title='bbox 426 678 463 710; x_wconf 89' lang='grc' dir='ltr'><strong>Τ.</strong></span> <span class='ocrx_word' id='word_1_92' title='bbox 476 679 546 710; x_wconf 87' lang='grc'><strong>828</strong></span> <span class='ocrx_word' id='word_1_93' title='bbox 563 675 635 718; x_wconf 88' lang='grc' dir='ltr'><strong>ἔχω</strong></span> <span class='ocrx_word' id='word_1_94' title='bbox 652 675 699 718; x_wconf 88' lang='lat' dir='ltr'><strong>c’,</strong></span> <span class='ocrx_word' id='word_1_95' title='bbox 718 675 874 718; x_wconf 81' lang='grc' dir='ltr'>’,Ορέετα</span> <span class='ocrx_word' id='word_1_96' title='bbox 891 675 1085 718; x_wconf 87' lang='grc' dir='ltr'>τηλύγετον</span> <span class='ocrx_word' id='word_1_97' title='bbox 1101 675 1230 718; x_wconf 70' lang='grc' dir='ltr'>χθονὸς</span> <span class='ocrx_word' id='word_1_98' title='bbox 1246 674 1318 709; x_wconf 89' lang='grc' dir='ltr'><strong>ἀπὸ</strong></span> <span class='ocrx_word' id='word_1_99' title='bbox 1335 674 1483 718; x_wconf 75' lang='grc' dir='ltr'>πατρία(</span> 
     </span>
     <span class='ocr_line' id='line_1_13' title="bbox 189 723 1480 769; baseline -0.002 -8"><span class='ocrx_word' id='word_1_100' title='bbox 189 725 257 761; x_wconf 87' lang='grc' dir='ltr'><strong>κτὲ.</strong></span> <span class='ocrx_word' id='word_1_101' title='bbox 269 729 370 769; x_wconf 86' lang='lat' dir='ltr'><strong>atque</strong></span> <span class='ocrx_word' id='word_1_102' title='bbox 379 727 509 759; x_wconf 82' lang='lat' dir='ltr'><strong>numeri</strong></span> <span class='ocrx_word' id='word_1_103' title='bbox 527 725 649 768; x_wconf 87' lang='grc' dir='ltr'><strong>βήματι</strong></span> <span class='ocrx_word' id='word_1_104' title='bbox 661 723 1062 767; x_wconf 86' lang='grc' dir='ltr'>μολόντατηλύγετον</span> <span class='ocrx_word' id='word_1_105' title='bbox 1073 723 1239 767; x_wconf 78' lang='grc' dir='ltr'>Ὀρέεταν</span> <span class='ocrx_word' id='word_1_106' title='bbox 1250 736 1325 759; x_wconf 83' lang='grc' dir='ltr'><strong>οιιιιι</strong></span> <span class='ocrx_word' id='word_1_107' title='bbox 1335 726 1480 759; x_wconf 88' lang='lat' dir='ltr'><strong>numeris</strong></span> 
     </span>
     <span class='ocr_line' id='line_1_14' title="bbox 189 771 1484 816; baseline -0.001 -8"><span class='ocrx_word' id='word_1_108' title='bbox 189 777 319 809; x_wconf 83' lang='lat' dir='ltr'><strong>antistr.</strong></span> <span class='ocrx_word' id='word_1_109' title='bbox 340 772 422 808; x_wconf 82' lang='grc' dir='ltr'>οὔθ’</span> <span class='ocrx_word' id='word_1_110' title='bbox 442 772 463 807; x_wconf 87' lang='grc' dir='ltr'>ὁ</span> <span class='ocrx_word' id='word_1_111' title='bbox 484 773 581 815; x_wconf 90' lang='grc' dir='ltr'>παρὰ</span> <span class='ocrx_word' id='word_1_112' title='bbox 600 773 664 807; x_wconf 90' lang='grc' dir='ltr'><strong>τὸν</strong></span> <span class='ocrx_word' id='word_1_113' title='bbox 685 771 876 815; x_wconf 89' lang='grc' dir='ltr'>Ἀχέροντα</span> <span class='ocrx_word' id='word_1_114' title='bbox 896 772 977 808; x_wconf 73' lang='grc' dir='ltr'>θεὸς</span> <span class='ocrx_word' id='word_1_115' title='bbox 993 771 1152 808; x_wconf 83' lang='grc' dir='ltr'>ἀνάεεων</span> <span class='ocrx_word' id='word_1_116' title='bbox 1168 774 1269 807; x_wconf 86' lang='lat' dir='ltr'><strong>etiam</strong></span> <span class='ocrx_word' id='word_1_117' title='bbox 1284 774 1390 816; x_wconf 81' lang='lat' dir='ltr'><strong>magis</strong></span> <span class='ocrx_word' id='word_1_118' title='bbox 1411 777 1484 807; x_wconf 81' lang='lat' dir='ltr'><strong>co&#39;n-</strong></span> 
     </span>
     <span class='ocr_line' id='line_1_15' title="bbox 190 823 758 865; baseline -0.004 -8"><span class='ocrx_word' id='word_1_119' title='bbox 190 825 305 857; x_wconf 89' lang='lat' dir='ltr'><strong>cinunt</strong></span> <span class='ocrx_word' id='word_1_120' title='bbox 325 824 373 856; x_wconf 85' lang='lat' dir='ltr'><strong>eis</strong></span> <span class='ocrx_word' id='word_1_121' title='bbox 394 834 475 865; x_wconf 84' lang='lat' dir='ltr'><strong>quos</strong></span> <span class='ocrx_word' id='word_1_122' title='bbox 496 823 573 855; x_wconf 88' lang='lat' dir='ltr'><strong>libri</strong></span> <span class='ocrx_word' id='word_1_123' title='bbox 593 823 758 856; x_wconf 75' lang='lat' dir='ltr'><strong>exhibent.</strong></span> 
     </span>
     <span class='ocr_line' id='line_1_16' title="bbox 254 868 933 915; baseline -0.001 -10"><span class='ocrx_word' id='word_1_124' title='bbox 254 872 305 905; x_wconf 84' lang='lat' dir='ltr'><strong>El.</strong></span> <span class='ocrx_word' id='word_1_125' title='bbox 327 873 398 904; x_wconf 85' lang='lat'><strong>214</strong></span> <span class='ocrx_word' id='word_1_126' title='bbox 430 869 473 915; x_wconf 71' lang='grc' dir='ltr'><strong>οὐ</strong></span> <span class='ocrx_word' id='word_1_127' title='bbox 493 869 641 912; x_wconf 86' lang='grc' dir='ltr'>γνώμαν</span> <span class='ocrx_word' id='word_1_128' title='bbox 660 868 767 912; x_wconf 77' lang='grc' dir='ltr'><strong>ἴεχει(</strong></span> <span class='ocrx_word' id='word_1_129' title='bbox 787 869 824 905; x_wconf 85' lang='grc' dir='ltr'><strong>ἐξ</strong></span> <span class='ocrx_word' id='word_1_130' title='bbox 846 869 933 904; x_wconf 87' lang='grc' dir='ltr'>οἵων</span> 
     </span>
    </p>

    <p class='ocr_par' dir='ltr' id='par_1_7' title="bbox 424 916 968 961">
     <span class='ocr_line' id='line_1_17' title="bbox 424 916 968 961; baseline -0.002 -8"><span class='ocrx_word' id='word_1_131' title='bbox 424 918 469 953; x_wconf 68' lang='grc' dir='ltr'><strong>τὰ</strong></span> <span class='ocrx_word' id='word_1_132' title='bbox 489 917 641 961; x_wconf 77' lang='grc' dir='ltr'>παρόντ’</span> <span class='ocrx_word' id='word_1_133' title='bbox 661 917 791 953; x_wconf 77' lang='grc' dir='ltr'>οἰκεία(</span> <span class='ocrx_word' id='word_1_134' title='bbox 812 917 861 953; x_wconf 76' lang='grc' dir='ltr'><strong>εἰς</strong></span> <span class='ocrx_word' id='word_1_135' title='bbox 883 916 968 953; x_wconf 77' lang='grc' dir='ltr'>ἄτα(</span> 
     </span>
    </p>

    <p class='ocr_par' dir='ltr' id='par_1_8' title="bbox 190 966 1494 2321">
     <span class='ocr_line' id='line_1_18' title="bbox 426 966 884 1011; baseline 0 -10"><span class='ocrx_word' id='word_1_136' title='bbox 426 966 607 1010; x_wconf 76' lang='grc' dir='ltr'><strong>ἐμπίπτεις</strong></span> <span class='ocrx_word' id='word_1_137' title='bbox 627 966 742 1001; x_wconf 76' lang='grc' dir='ltr'>οὕτω(</span> <span class='ocrx_word' id='word_1_138' title='bbox 763 966 884 1011; x_wconf 71' lang='grc' dir='ltr'>αἰκῶες</span> 
     </span>
     <span class='ocr_line' id='line_1_19' title="bbox 192 1017 1486 1059; baseline -0.002 -7"><span class='ocrx_word' id='word_1_139' title='bbox 192 1018 331 1052; x_wconf 78' lang='lat' dir='ltr'><strong>Constat</strong></span> <span class='ocrx_word' id='word_1_140' title='bbox 347 1017 471 1051; x_wconf 87' lang='lat' dir='ltr'><strong>scholia</strong></span> <span class='ocrx_word' id='word_1_141' title='bbox 485 1017 672 1059; x_wconf 77' lang='lat' dir='ltr'><strong>antiquiora</strong></span> <span class='ocrx_word' id='word_1_142' title='bbox 691 1028 775 1059; x_wconf 87' lang='lat' dir='ltr'><strong>quae</strong></span> <span class='ocrx_word' id='word_1_143' title='bbox 791 1017 834 1050; x_wconf 87' lang='lat' dir='ltr'><strong>ad</strong></span> <span class='ocrx_word' id='word_1_144' title='bbox 854 1017 1017 1051; x_wconf 85' lang='lat' dir='ltr'><strong>diversam</strong></span> <span class='ocrx_word' id='word_1_145' title='bbox 1031 1017 1205 1050; x_wconf 87' lang='lat' dir='ltr'><strong>lectionem</strong></span> <span class='ocrx_word' id='word_1_146' title='bbox 1220 1017 1393 1050; x_wconf 86' lang='lat' dir='ltr'><strong>referenda</strong></span> <span class='ocrx_word' id='word_1_147' title='bbox 1407 1019 1486 1050; x_wconf 87' lang='lat' dir='ltr'><strong>sunt</strong></span> 
     </span>
     <span class='ocr_line' id='line_1_20' title="bbox 192 1066 1485 1109; baseline -0.002 -9"><span class='ocrx_word' id='word_1_148' title='bbox 192 1069 291 1109; x_wconf 83' lang='lat' dir='ltr'><strong>atque</strong></span> <span class='ocrx_word' id='word_1_149' title='bbox 307 1067 342 1099; x_wconf 91' lang='lat' dir='ltr'><strong>in</strong></span> <span class='ocrx_word' id='word_1_150' title='bbox 357 1067 451 1099; x_wconf 90' lang='lat' dir='ltr'><strong>libris</strong></span> <span class='ocrx_word' id='word_1_151' title='bbox 467 1066 619 1106; x_wconf 83' lang='lat' dir='ltr'><strong>habetur,</strong></span> <span class='ocrx_word' id='word_1_152' title='bbox 635 1066 676 1098; x_wconf 87' lang='lat' dir='ltr'><strong>ad</strong></span> <span class='ocrx_word' id='word_1_153' title='bbox 688 1066 949 1098; x_wconf 84' lang='lat' dir='ltr'><strong>emendationem</strong></span> <span class='ocrx_word' id='word_1_154' title='bbox 964 1066 1027 1099; x_wconf 90' lang='lat' dir='ltr'><strong>loci</strong></span> <span class='ocrx_word' id='word_1_155' title='bbox 1040 1067 1219 1107; x_wconf 85' lang='lat' dir='ltr'><strong>plurimum</strong></span> <span class='ocrx_word' id='word_1_156' title='bbox 1228 1067 1348 1099; x_wconf 84' lang='lat' dir='ltr'><strong>valere.</strong></span> <span class='ocrx_word' id='word_1_157' title='bbox 1367 1066 1485 1108; x_wconf 85' lang='lat' dir='ltr'><strong>Itaque</strong></span> 
     </span>
     <span class='ocr_line' id='line_1_21' title="bbox 191 1111 1485 1156; baseline -0.001 -8"><span class='ocrx_word' id='word_1_158' title='bbox 191 1117 253 1148; x_wconf 90' lang='lat' dir='ltr'><strong>hoc</strong></span> <span class='ocrx_word' id='word_1_159' title='bbox 272 1115 344 1148; x_wconf 88' lang='lat' dir='ltr'><strong>loco</strong></span> <span class='ocrx_word' id='word_1_160' title='bbox 366 1125 440 1147; x_wconf 89' lang='lat' dir='ltr'><strong>cum</strong></span> <span class='ocrx_word' id='word_1_161' title='bbox 460 1115 559 1147; x_wconf 85' lang='lat' dir='ltr'><strong>dictio</strong></span> <span class='ocrx_word' id='word_1_162' title='bbox 579 1112 623 1146; x_wconf 85' lang='grc' dir='ltr'><strong>τὰ</strong></span> <span class='ocrx_word' id='word_1_163' title='bbox 639 1111 800 1154; x_wconf 89' lang='grc' dir='ltr'>παρόντα</span> <span class='ocrx_word' id='word_1_164' title='bbox 815 1124 854 1146; x_wconf 89' lang='lat' dir='ltr'><strong>ex</strong></span> <span class='ocrx_word' id='word_1_165' title='bbox 874 1114 947 1155; x_wconf 83' lang='lat' dir='ltr'><strong>ipsa</strong></span> <span class='ocrx_word' id='word_1_166' title='bbox 967 1115 1182 1156; x_wconf 87' lang='lat' dir='ltr'><strong>grammatica</strong></span> <span class='ocrx_word' id='word_1_167' title='bbox 1196 1114 1324 1147; x_wconf 86' lang='lat' dir='ltr'><strong>ratione</strong></span> <span class='ocrx_word' id='word_1_168' title='bbox 1345 1124 1485 1156; x_wconf 85' lang='lat' dir='ltr'><strong>magnae</strong></span> 
     </span>
     <span class='ocr_line' id='line_1_22' title="bbox 193 1161 1485 1205; baseline 0 -9"><span class='ocrx_word' id='word_1_169' title='bbox 193 1164 364 1197; x_wconf 83' lang='lat' dir='ltr'><strong>offensioni</strong></span> <span class='ocrx_word' id='word_1_170' title='bbox 384 1165 497 1204; x_wconf 85' lang='lat' dir='ltr'><strong>atque,</strong></span> <span class='ocrx_word' id='word_1_171' title='bbox 524 1163 552 1195; x_wconf 89' lang='lat' dir='ltr'><strong>si</strong></span> <span class='ocrx_word' id='word_1_172' title='bbox 573 1173 646 1195; x_wconf 87' lang='lat' dir='ltr'><strong>eam</strong></span> <span class='ocrx_word' id='word_1_173' title='bbox 670 1163 758 1195; x_wconf 88' lang='lat' dir='ltr'><strong>idem</strong></span> <span class='ocrx_word' id='word_1_174' title='bbox 784 1163 968 1205; x_wconf 85' lang='lat' dir='ltr'><strong>significare</strong></span> <span class='ocrx_word' id='word_1_175' title='bbox 993 1165 1091 1205; x_wconf 89' lang='lat' dir='ltr'><strong>putes</strong></span> <span class='ocrx_word' id='word_1_176' title='bbox 1117 1164 1203 1204; x_wconf 88' lang='lat' dir='ltr'><strong>quod</strong></span> <span class='ocrx_word' id='word_1_177' title='bbox 1223 1161 1268 1196; x_wconf 89' lang='grc' dir='ltr'><strong>τὰ</strong></span> <span class='ocrx_word' id='word_1_178' title='bbox 1287 1163 1352 1195; x_wconf 90' lang='grc' dir='ltr'><strong>νῦν</strong></span> <span class='ocrx_word' id='word_1_179' title='bbox 1372 1163 1426 1197; x_wconf 85' lang='lat' dir='ltr'><strong>vel</strong></span> <span class='ocrx_word' id='word_1_180' title='bbox 1445 1161 1485 1196; x_wconf 89' lang='grc' dir='ltr'><strong>ἐν</strong></span> 
     </span>
     <span class='ocr_line' id='line_1_23' title="bbox 192 1211 1486 1255; baseline -0.001 -10"><span class='ocrx_word' id='word_1_181' title='bbox 192 1212 267 1245; x_wconf 81' lang='grc' dir='ltr'>τοῑε</span> <span class='ocrx_word' id='word_1_182' title='bbox 288 1212 474 1255; x_wconf 79' lang='grc' dir='ltr'><strong>παροῦειν,</strong></span> <span class='ocrx_word' id='word_1_183' title='bbox 494 1211 670 1244; x_wconf 85' lang='lat' dir='ltr'><strong>admodum</strong></span> <span class='ocrx_word' id='word_1_184' title='bbox 691 1211 797 1244; x_wconf 87' lang='lat' dir='ltr'><strong>otiosa</strong></span> <span class='ocrx_word' id='word_1_185' title='bbox 817 1212 861 1244; x_wconf 86' lang='lat' dir='ltr'><strong>sit</strong></span> <span class='ocrx_word' id='word_1_186' title='bbox 881 1213 915 1244; x_wconf 83' lang='lat' dir='ltr'><strong>ct</strong></span> <span class='ocrx_word' id='word_1_187' title='bbox 934 1212 1023 1244; x_wconf 87' lang='lat' dir='ltr'><strong>ultro</strong></span> <span class='ocrx_word' id='word_1_188' title='bbox 1044 1211 1263 1253; x_wconf 84' lang='lat' dir='ltr'><strong>suspicionem</strong></span> <span class='ocrx_word' id='word_1_189' title='bbox 1278 1212 1486 1253; x_wconf 81' lang='lat' dir='ltr'><strong>corruptelae</strong></span> 
     </span>
     <span class='ocr_line' id='line_1_24' title="bbox 192 1258 1485 1302; baseline -0.001 -8"><span class='ocrx_word' id='word_1_190' title='bbox 192 1262 338 1302; x_wconf 77' lang='lat' dir='ltr'><strong>moveat,</strong></span> <span class='ocrx_word' id='word_1_191' title='bbox 369 1260 545 1293; x_wconf 84' lang='lat' dir='ltr'><strong>diversitas</strong></span> <span class='ocrx_word' id='word_1_192' title='bbox 574 1260 738 1301; x_wconf 88' lang='lat' dir='ltr'><strong>lectionis,</strong></span> <span class='ocrx_word' id='word_1_193' title='bbox 769 1271 869 1302; x_wconf 89' lang='lat' dir='ltr'><strong>quam</strong></span> <span class='ocrx_word' id='word_1_194' title='bbox 898 1260 1058 1293; x_wconf 88' lang='lat' dir='ltr'><strong>scholium</strong></span> <span class='ocrx_word' id='word_1_195' title='bbox 1078 1260 1165 1293; x_wconf 86' lang='lat' dir='ltr'><strong>-libri</strong></span> <span class='ocrx_word' id='word_1_196' title='bbox 1194 1260 1409 1293; x_wconf 87' lang='lat' dir='ltr'><strong>Laurentiani</strong></span> <span class='ocrx_word' id='word_1_197' title='bbox 1440 1258 1485 1293; x_wconf 83' lang='grc' dir='ltr'><strong>οὐ</strong></span> 
     </span>
     <span class='ocr_line' id='line_1_25' title="bbox 193 1305 1487 1350; baseline -0.001 -8"><span class='ocrx_word' id='word_1_198' title='bbox 193 1307 381 1350; x_wconf 77' lang='grc' dir='ltr'><strong>γινώεκειε,</strong></span> <span class='ocrx_word' id='word_1_199' title='bbox 403 1306 518 1350; x_wconf 76' lang='grc' dir='ltr'>φηείν,</span> <span class='ocrx_word' id='word_1_200' title='bbox 539 1306 575 1342; x_wconf 86' lang='grc' dir='ltr'><strong>ἐξ</strong></span> <span class='ocrx_word' id='word_1_201' title='bbox 592 1306 680 1341; x_wconf 87' lang='grc' dir='ltr'>οἵων</span> <span class='ocrx_word' id='word_1_202' title='bbox 697 1305 841 1348; x_wconf 83' lang='grc' dir='ltr'>ἀγαθῶν</span> <span class='ocrx_word' id='word_1_203' title='bbox 858 1306 907 1341; x_wconf 74' lang='grc' dir='ltr'><strong>εἰ(</strong></span> <span class='ocrx_word' id='word_1_204' title='bbox 922 1306 955 1341; x_wconf 87' lang='grc' dir='ltr'><strong>τί</strong></span> <span class='ocrx_word' id='word_1_205' title='bbox 970 1306 1118 1349; x_wconf 91' lang='grc' dir='ltr'>ἀνιαρὸν</span> <span class='ocrx_word' id='word_1_206' title='bbox 1139 1307 1312 1350; x_wconf 71' lang='grc' dir='ltr'>ἐλήλυθας</span> <span class='ocrx_word' id='word_1_207' title='bbox 1333 1309 1487 1349; x_wconf 81' lang='lat' dir='ltr'><strong>ostendit,</strong></span> 
     </span>
     <span class='ocr_line' id='line_1_26' title="bbox 193 1357 1486 1398; baseline -0.001 -8"><span class='ocrx_word' id='word_1_208' title='bbox 193 1357 371 1390; x_wconf 88' lang='lat' dir='ltr'><strong>utilissima</strong></span> <span class='ocrx_word' id='word_1_209' title='bbox 396 1357 508 1398; x_wconf 88' lang='lat' dir='ltr'><strong>putari</strong></span> <span class='ocrx_word' id='word_1_210' title='bbox 534 1359 635 1398; x_wconf 83' lang='lat' dir='ltr'><strong>atque</strong></span> <span class='ocrx_word' id='word_1_211' title='bbox 655 1357 875 1389; x_wconf 85' lang='lat' dir='ltr'><strong>emendationi</strong></span> <span class='ocrx_word' id='word_1_212' title='bbox 899 1357 1048 1390; x_wconf 80' lang='lat' dir='ltr'><strong>adhiberi</strong></span> <span class='ocrx_word' id='word_1_213' title='bbox 1070 1357 1177 1390; x_wconf 88' lang='lat' dir='ltr'><strong>debet.</strong></span> <span class='ocrx_word' id='word_1_214' title='bbox 1212 1357 1306 1389; x_wconf 87' lang='lat' dir='ltr'><strong>Hanc</strong></span> <span class='ocrx_word' id='word_1_215' title='bbox 1324 1357 1486 1390; x_wconf 85' lang='lat' dir='ltr'><strong>rationem</strong></span> 
     </span>
     <span class='ocr_line' id='line_1_27' title="bbox 195 1402 1494 1447; baseline -0.001 -9"><span class='ocrx_word' id='word_1_216' title='bbox 195 1406 300 1438; x_wconf 85' lang='lat' dir='ltr'><strong>secuti</strong></span> <span class='ocrx_word' id='word_1_217' title='bbox 324 1405 478 1437; x_wconf 84' lang='lat' dir='ltr'><strong>Reiskius</strong></span> <span class='ocrx_word' id='word_1_218' title='bbox 505 1403 583 1437; x_wconf 77' lang='grc' dir='ltr'>οἵα(</span> <span class='ocrx_word' id='word_1_219' title='bbox 607 1415 668 1446; x_wconf 88' lang='lat' dir='ltr'><strong>pro</strong></span> <span class='ocrx_word' id='word_1_220' title='bbox 694 1402 837 1445; x_wconf 72' lang='grc' dir='ltr'>οἰκείας,</span> <span class='ocrx_word' id='word_1_221' title='bbox 864 1405 1033 1438; x_wconf 86' lang='lat' dir='ltr'><strong>Nauckius</strong></span> <span class='ocrx_word' id='word_1_222' title='bbox 1058 1407 1232 1447; x_wconf 84' lang='lat' dir='ltr'><strong>praeterea</strong></span> <span class='ocrx_word' id='word_1_223' title='bbox 1257 1402 1401 1445; x_wconf 79' lang='grc' dir='ltr'>ἀγαθῶν</span> <span class='ocrx_word' id='word_1_224' title='bbox 1425 1408 1494 1447; x_wconf 82' lang='lat' dir='ltr'><strong>pro·</strong></span> 
     </span>
     <span class='ocr_line' id='line_1_28' title="bbox 195 1450 1487 1495; baseline -0.001 -8"><span class='ocrx_word' id='word_1_225' title='bbox 195 1452 240 1487; x_wconf 88' lang='grc' dir='ltr'><strong>τὰ</strong></span> <span class='ocrx_word' id='word_1_226' title='bbox 259 1450 413 1495; x_wconf 83' lang='grc' dir='ltr'>παρόντ’</span> <span class='ocrx_word' id='word_1_227' title='bbox 434 1453 532 1486; x_wconf 83' lang='lat' dir='ltr'><strong>scribi</strong></span> <span class='ocrx_word' id='word_1_228' title='bbox 552 1453 677 1486; x_wconf 84' lang='lat' dir='ltr'><strong>iubent.</strong></span> <span class='ocrx_word' id='word_1_229' title='bbox 708 1453 755 1486; x_wconf 90' lang='lat' dir='ltr'><strong>At</strong></span> <span class='ocrx_word' id='word_1_230' title='bbox 774 1454 876 1487; x_wconf 87' lang='lat' dir='ltr'><strong>verba</strong></span> <span class='ocrx_word' id='word_1_231' title='bbox 895 1451 932 1488; x_wconf 86' lang='grc' dir='ltr'><strong>ἐξ</strong></span> <span class='ocrx_word' id='word_1_232' title='bbox 953 1451 1041 1486; x_wconf 83' lang='grc' dir='ltr'>οἵων</span> <span class='ocrx_word' id='word_1_233' title='bbox 1067 1450 1212 1493; x_wconf 88' lang='grc' dir='ltr'>ἀγαθῶν</span> <span class='ocrx_word' id='word_1_234' title='bbox 1232 1451 1310 1486; x_wconf 77' lang='grc' dir='ltr'>οἵα(</span> <span class='ocrx_word' id='word_1_235' title='bbox 1331 1450 1380 1487; x_wconf 78' lang='grc' dir='ltr'><strong>εἰ(</strong></span> <span class='ocrx_word' id='word_1_236' title='bbox 1401 1450 1487 1487; x_wconf 78' lang='grc' dir='ltr'>ἄτα(</span> 
     </span>
     <span class='ocr_line' id='line_1_29' title="bbox 197 1497 1487 1544; baseline -0.001 -8"><span class='ocrx_word' id='word_1_237' title='bbox 197 1500 378 1543; x_wconf 79' lang='grc' dir='ltr'><strong>ἐμπίπτει(</strong></span> <span class='ocrx_word' id='word_1_238' title='bbox 399 1502 548 1544; x_wconf 86' lang='lat' dir='ltr'><strong>quamvis</strong></span> <span class='ocrx_word' id='word_1_239' title='bbox 570 1502 726 1534; x_wconf 82' lang='lat' dir='ltr'><strong>concinna</strong></span> <span class='ocrx_word' id='word_1_240' title='bbox 747 1502 826 1543; x_wconf 88' lang='lat' dir='ltr'><strong>sint,</strong></span> <span class='ocrx_word' id='word_1_241' title='bbox 848 1502 1030 1535; x_wconf 81' lang='lat' dir='ltr'><strong>sententiae</strong></span> <span class='ocrx_word' id='word_1_242' title='bbox 1050 1502 1143 1535; x_wconf 88' lang='lat' dir='ltr'><strong>nullo</strong></span> <span class='ocrx_word' id='word_1_243' title='bbox 1163 1502 1259 1544; x_wconf 87' lang='lat' dir='ltr'><strong>modo</strong></span> <span class='ocrx_word' id='word_1_244' title='bbox 1280 1497 1487 1536; x_wconf 83' lang='lat' dir='ltr'><strong>conveniunt.</strong></span> 
     </span>
     <span class='ocr_line' id='line_1_30' title="bbox 195 1550 1487 1593; baseline 0.001 -10"><span class='ocrx_word' id='word_1_245' title='bbox 195 1552 283 1584; x_wconf 83' lang='lat' dir='ltr'><strong>Nam</strong></span> <span class='ocrx_word' id='word_1_246' title='bbox 302 1561 356 1583; x_wconf 87' lang='lat' dir='ltr'><strong>res</strong></span> <span class='ocrx_word' id='word_1_247' title='bbox 385 1560 563 1592; x_wconf 83' lang='lat' dir='ltr'><strong>prosperae</strong></span> <span class='ocrx_word' id='word_1_248' title='bbox 588 1551 666 1592; x_wconf 92' lang='lat' dir='ltr'><strong>quid</strong></span> <span class='ocrx_word' id='word_1_249' title='bbox 687 1550 831 1583; x_wconf 86' lang='lat' dir='ltr'><strong>attinent</strong></span> <span class='ocrx_word' id='word_1_250' title='bbox 855 1551 897 1582; x_wconf 83' lang='lat' dir='ltr'><strong>ad</strong></span> <span class='ocrx_word' id='word_1_251' title='bbox 917 1550 1108 1583; x_wconf 82' lang='lat' dir='ltr'><strong>Electram?</strong></span> <span class='ocrx_word' id='word_1_252' title='bbox 1144 1551 1280 1584; x_wconf 84' lang='lat' dir='ltr'><strong>Accedit</strong></span> <span class='ocrx_word' id='word_1_253' title='bbox 1305 1551 1392 1592; x_wconf 87' lang='lat' dir='ltr'><strong>quod</strong></span> <span class='ocrx_word' id='word_1_254' title='bbox 1415 1561 1487 1593; x_wconf 82' lang='lat' dir='ltr'><strong>per-</strong></span> 
     </span>
     <span class='ocr_line' id='line_1_31' title="bbox 196 1595 1488 1642; baseline 0 -9"><span class='ocrx_word' id='word_1_255' title='bbox 196 1600 277 1642; x_wconf 82' lang='lat' dir='ltr'><strong>spici</strong></span> <span class='ocrx_word' id='word_1_256' title='bbox 297 1610 363 1632; x_wconf 90' lang='lat' dir='ltr'><strong>non</strong></span> <span class='ocrx_word' id='word_1_257' title='bbox 387 1601 511 1641; x_wconf 85' lang='lat' dir='ltr'><strong>potest,</strong></span> <span class='ocrx_word' id='word_1_258' title='bbox 537 1609 605 1641; x_wconf 73' lang='lat' dir='ltr'><strong>que¹</strong></span> <span class='ocrx_word' id='word_1_259' title='bbox 629 1598 757 1631; x_wconf 87' lang='lat' dir='ltr'><strong>ratione</strong></span> <span class='ocrx_word' id='word_1_260' title='bbox 782 1595 925 1639; x_wconf 88' lang='grc' dir='ltr'>ἀγαθῶν</span> <span class='ocrx_word' id='word_1_261' title='bbox 950 1599 1070 1632; x_wconf 87' lang='lat' dir='ltr'><strong>abierit</strong></span> <span class='ocrx_word' id='word_1_262' title='bbox 1093 1599 1129 1631; x_wconf 89' lang='lat' dir='ltr'><strong>in</strong></span> <span class='ocrx_word' id='word_1_263' title='bbox 1153 1597 1197 1632; x_wconf 89' lang='grc' dir='ltr'><strong>τὰ</strong></span> <span class='ocrx_word' id='word_1_264' title='bbox 1223 1596 1383 1640; x_wconf 89' lang='grc' dir='ltr'>παρόντ’.</span> <span class='ocrx_word' id='word_1_265' title='bbox 1417 1599 1488 1633; x_wconf 79' lang='lat' dir='ltr'><strong>Nec</strong></span> 
     </span>
     <span class='ocr_line' id='line_1_32' title="bbox 196 1642 1488 1690; baseline 0 -9"><span class='ocrx_word' id='word_1_266' title='bbox 196 1649 302 1690; x_wconf 87' lang='lat' dir='ltr'><strong>magis</strong></span> <span class='ocrx_word' id='word_1_267' title='bbox 323 1650 470 1690; x_wconf 81' lang='lat' dir='ltr'><strong>apparet,</strong></span> <span class='ocrx_word' id='word_1_268' title='bbox 491 1659 556 1689; x_wconf 93' lang='lat' dir='ltr'><strong>quo</strong></span> <span class='ocrx_word' id='word_1_269' title='bbox 577 1648 674 1681; x_wconf 89' lang='lat' dir='ltr'><strong>modo</strong></span> <span class='ocrx_word' id='word_1_270' title='bbox 695 1645 772 1680; x_wconf 75' lang='grc' dir='ltr'>οἵα(</span> <span class='ocrx_word' id='word_1_271' title='bbox 793 1648 827 1680; x_wconf 87' lang='lat' dir='ltr'><strong>in</strong></span> <span class='ocrx_word' id='word_1_272' title='bbox 842 1645 971 1680; x_wconf 79' lang='grc' dir='ltr'>οἰκεία(</span> <span class='ocrx_word' id='word_1_273' title='bbox 991 1648 1187 1689; x_wconf 86' lang='lat' dir='ltr'><strong>productum</strong></span> <span class='ocrx_word' id='word_1_274' title='bbox 1208 1642 1265 1688; x_wconf 80' lang='lat' dir='ltr'><strong>sit3</strong></span> <span class='ocrx_word' id='word_1_275' title='bbox 1285 1649 1488 1689; x_wconf 79' lang='lat' dir='ltr'><strong>probabilius</strong></span> 
     </span>
     <span class='ocr_line' id='line_1_33' title="bbox 197 1694 1489 1738; baseline -0.001 -8"><span class='ocrx_word' id='word_1_276' title='bbox 197 1699 249 1730; x_wconf 83' lang='lat' dir='ltr'><strong>est</strong></span> <span class='ocrx_word' id='word_1_277' title='bbox 269 1694 398 1730; x_wconf 79' lang='grc' dir='ltr'>οἰκεία(</span> <span class='ocrx_word' id='word_1_278' title='bbox 417 1697 453 1728; x_wconf 89' lang='lat' dir='ltr'><strong>in</strong></span> <span class='ocrx_word' id='word_1_279' title='bbox 479 1694 556 1729; x_wconf 78' lang='grc' dir='ltr'>οἵα(</span> <span class='ocrx_word' id='word_1_280' title='bbox 582 1698 769 1738; x_wconf 88' lang='lat' dir='ltr'><strong>correptum</strong></span> <span class='ocrx_word' id='word_1_281' title='bbox 795 1707 882 1738; x_wconf 85' lang='lat' dir='ltr'><strong>esse,</strong></span> <span class='ocrx_word' id='word_1_282' title='bbox 908 1698 1006 1738; x_wconf 86' lang='lat' dir='ltr'><strong>atque</strong></span> <span class='ocrx_word' id='word_1_283' title='bbox 1032 1694 1109 1729; x_wconf 79' lang='grc' dir='ltr'>οἵα(</span> <span class='ocrx_word' id='word_1_284' title='bbox 1135 1696 1164 1729; x_wconf 89' lang='lat' dir='ltr'><strong>si</strong></span> <span class='ocrx_word' id='word_1_285' title='bbox 1189 1696 1377 1738; x_wconf 81' lang='lat' dir='ltr'><strong>scribimus,</strong></span> <span class='ocrx_word' id='word_1_286' title='bbox 1402 1697 1437 1729; x_wconf 90' lang='lat' dir='ltr'><strong>in</strong></span> <span class='ocrx_word' id='word_1_287' title='bbox 1456 1707 1489 1730; x_wconf 83' lang='lat' dir='ltr'><strong>v.</strong></span> 
     </span>
     <span class='ocr_line' id='line_1_34' title="bbox 198 1742 1489 1788; baseline -0.001 -9"><span class='ocrx_word' id='word_1_288' title='bbox 198 1746 322 1788; x_wconf 86' lang='lat' dir='ltr'><strong>stroph.</strong></span> <span class='ocrx_word' id='word_1_289' title='bbox 346 1746 414 1778; x_wconf 88' lang='lat'><strong>195</strong></span> <span class='ocrx_word' id='word_1_290' title='bbox 438 1754 504 1786; x_wconf 77' lang='lat' dir='ltr'><strong>col,</strong></span> <span class='ocrx_word' id='word_1_291' title='bbox 530 1745 617 1787; x_wconf 90' lang='lat' dir='ltr'><strong>quod</strong></span> <span class='ocrx_word' id='word_1_292' title='bbox 638 1745 761 1787; x_wconf 87' lang='lat' dir='ltr'><strong>optime</strong></span> <span class='ocrx_word' id='word_1_293' title='bbox 782 1744 990 1778; x_wconf 87' lang='lat' dir='ltr'><strong>Hermannus</strong></span> <span class='ocrx_word' id='word_1_294' title='bbox 1010 1745 1045 1778; x_wconf 90' lang='lat' dir='ltr'><strong>in</strong></span> <span class='ocrx_word' id='word_1_295' title='bbox 1065 1742 1099 1778; x_wconf 85' lang='grc' dir='ltr'><strong>οἱ</strong></span> <span class='ocrx_word' id='word_1_296' title='bbox 1119 1745 1319 1786; x_wconf 86' lang='lat' dir='ltr'><strong>emendavit,</strong></span> <span class='ocrx_word' id='word_1_297' title='bbox 1345 1745 1489 1788; x_wconf 84' lang='lat' dir='ltr'><strong>expungi</strong></span> 
     </span>
     <span class='ocr_line' id='line_1_35' title="bbox 197 1788 1489 1835; baseline -0.001 -8"><span class='ocrx_word' id='word_1_298' title='bbox 197 1805 330 1827; x_wconf 85' lang='lat' dir='ltr'><strong>necesse</strong></span> <span class='ocrx_word' id='word_1_299' title='bbox 357 1797 423 1833; x_wconf 82' lang='lat' dir='ltr'><strong>est,</strong></span> <span class='ocrx_word' id='word_1_300' title='bbox 451 1794 485 1825; x_wconf 88' lang='lat' dir='ltr'><strong>id</strong></span> <span class='ocrx_word' id='word_1_301' title='bbox 510 1795 597 1835; x_wconf 91' lang='lat' dir='ltr'><strong>quod</strong></span> <span class='ocrx_word' id='word_1_302' title='bbox 622 1794 688 1826; x_wconf 85' lang='lat' dir='ltr'><strong>arti</strong></span> <span class='ocrx_word' id='word_1_303' title='bbox 714 1796 747 1826; x_wconf 86' lang='lat' dir='ltr'><strong>et</strong></span> <span class='ocrx_word' id='word_1_304' title='bbox 772 1794 893 1826; x_wconf 85' lang='lat' dir='ltr'><strong>rationi</strong></span> <span class='ocrx_word' id='word_1_305' title='bbox 918 1788 1059 1826; x_wconf 70' lang='lat' dir='ltr'><strong>maxime</strong></span> <span class='ocrx_word' id='word_1_306' title='bbox 1079 1794 1314 1827; x_wconf 84' lang='lat' dir='ltr'><strong>adversarium.</strong></span> <span class='ocrx_word' id='word_1_307' title='bbox 1349 1794 1420 1826; x_wconf 84' lang='lat' dir='ltr'><strong>Has</strong></span> <span class='ocrx_word' id='word_1_308' title='bbox 1446 1795 1489 1827; x_wconf 92' lang='lat' dir='ltr'><strong>ob</strong></span> 
     </span>
     <span class='ocr_line' id='line_1_36' title="bbox 197 1838 1488 1884; baseline -0.001 -8"><span class='ocrx_word' id='word_1_309' title='bbox 197 1853 314 1876; x_wconf 81' lang='lat' dir='ltr'><strong>causas</strong></span> <span class='ocrx_word' id='word_1_310' title='bbox 330 1844 369 1874; x_wconf 91' lang='lat' dir='ltr'><strong>ut</strong></span> <span class='ocrx_word' id='word_1_311' title='bbox 383 1842 485 1875; x_wconf 83' lang='lat' dir='ltr'><strong>verba</strong></span> <span class='ocrx_word' id='word_1_312' title='bbox 500 1842 615 1874; x_wconf 82' lang='lat' dir='ltr'><strong>scholii</strong></span> <span class='ocrx_word' id='word_1_313' title='bbox 631 1840 679 1875; x_wconf 79' lang='lat' dir='ltr'><strong>cic</strong></span> <span class='ocrx_word' id='word_1_314' title='bbox 699 1838 732 1874; x_wconf 88' lang='grc' dir='ltr'><strong>τί</strong></span> <span class='ocrx_word' id='word_1_315' title='bbox 753 1839 900 1883; x_wconf 92' lang='grc' dir='ltr'>ἀνιαρόν</span> <span class='ocrx_word' id='word_1_316' title='bbox 916 1843 956 1874; x_wconf 82' lang='lat' dir='ltr'><strong>ad</strong></span> <span class='ocrx_word' id='word_1_317' title='bbox 973 1839 1051 1875; x_wconf 77' lang='grc' dir='ltr'>οἵα(</span> <span class='ocrx_word' id='word_1_318' title='bbox 1067 1853 1106 1875; x_wconf 88' lang='lat' dir='ltr'><strong>ex</strong></span> <span class='ocrx_word' id='word_1_319' title='bbox 1121 1840 1251 1875; x_wconf 75' lang='grc' dir='ltr'>οἰκεία(</span> <span class='ocrx_word' id='word_1_320' title='bbox 1272 1843 1488 1884; x_wconf 84' lang='lat' dir='ltr'><strong>decurtatum,</strong></span> 
     </span>
     <span class='ocr_line' id='line_1_37' title="bbox 198 1887 1489 1936; baseline 0.001 -12"><span class='ocrx_word' id='word_1_321' title='bbox 198 1892 246 1924; x_wconf 88' lang='lat' dir='ltr'><strong>ita</strong></span> <span class='ocrx_word' id='word_1_322' title='bbox 261 1890 363 1924; x_wconf 89' lang='lat' dir='ltr'><strong>verba</strong></span> <span class='ocrx_word' id='word_1_323' title='bbox 384 1888 420 1924; x_wconf 89' lang='grc' dir='ltr'><strong>ἐξ</strong></span> <span class='ocrx_word' id='word_1_324' title='bbox 437 1888 524 1924; x_wconf 81' lang='grc' dir='ltr'>οἵων</span> <span class='ocrx_word' id='word_1_325' title='bbox 545 1887 690 1931; x_wconf 84' lang='grc' dir='ltr'>ἀγαθῶν</span> <span class='ocrx_word' id='word_1_326' title='bbox 705 1891 876 1924; x_wconf 86' lang='lat' dir='ltr'><strong>referenda</strong></span> <span class='ocrx_word' id='word_1_327' title='bbox 891 1891 1046 1936; x_wconf 85' lang='lat' dir='ltr'><strong>videntur</strong></span> <span class='ocrx_word' id='word_1_328' title='bbox 1062 1892 1104 1924; x_wconf 88' lang='lat' dir='ltr'><strong>ad</strong></span> <span class='ocrx_word' id='word_1_329' title='bbox 1119 1891 1314 1925; x_wconf 87' lang='lat' dir='ltr'><strong>vocabulum</strong></span> <span class='ocrx_word' id='word_1_330' title='bbox 1335 1891 1415 1924; x_wconf 87' lang='lat' dir='ltr'><strong>item</strong></span> <span class='ocrx_word' id='word_1_331' title='bbox 1436 1891 1489 1925; x_wconf 84' lang='lat' dir='ltr'><strong>de-</strong></span> 
     </span>
     <span class='ocr_line' id='line_1_38' title="bbox 198 1937 1489 1982; baseline 0 -9"><span class='ocrx_word' id='word_1_332' title='bbox 198 1941 389 1982; x_wconf 85' lang='lat' dir='ltr'><strong>pravatum,</strong></span> <span class='ocrx_word' id='word_1_333' title='bbox 417 1939 502 1972; x_wconf 88' lang='lat' dir='ltr'><strong>unde</strong></span> <span class='ocrx_word' id='word_1_334' title='bbox 530 1940 632 1972; x_wconf 87' lang='lat' dir='ltr'><strong>etiam</strong></span> <span class='ocrx_word' id='word_1_335' title='bbox 651 1937 696 1972; x_wconf 89' lang='grc' dir='ltr'><strong>τὰ</strong></span> <span class='ocrx_word' id='word_1_336' title='bbox 716 1937 868 1980; x_wconf 89' lang='grc' dir='ltr'>παρόντ’</span> <span class='ocrx_word' id='word_1_337' title='bbox 893 1941 1046 1973; x_wconf 87' lang='lat' dir='ltr'><strong>devenire</strong></span> <span class='ocrx_word' id='word_1_338' title='bbox 1070 1942 1192 1982; x_wconf 86' lang='lat' dir='ltr'><strong>posset.</strong></span> <span class='ocrx_word' id='word_1_339' title='bbox 1227 1940 1266 1972; x_wconf 92' lang='lat' dir='ltr'><strong>Id</strong></span> <span class='ocrx_word' id='word_1_340' title='bbox 1285 1940 1388 1972; x_wconf 83' lang='lat' dir='ltr'><strong>fuisse</strong></span> <span class='ocrx_word' id='word_1_341' title='bbox 1408 1942 1489 1982; x_wconf 79' lang='lat' dir='ltr'><strong>puto</strong></span> 
     </span>
     <span class='ocr_line' id='line_1_39' title="bbox 200 1984 1490 2030; baseline -0.001 -9"><span class='ocrx_word' id='word_1_342' title='bbox 200 1985 325 2029; x_wconf 89' lang='grc' dir='ltr'>πόρων</span> <span class='ocrx_word' id='word_1_343' title='bbox 346 1998 385 2020; x_wconf 88' lang='lat' dir='ltr'><strong>ex</strong></span> <span class='ocrx_word' id='word_1_344' title='bbox 406 1985 555 2028; x_wconf 90' lang='grc' dir='ltr'>ἀπόρων</span> <span class='ocrx_word' id='word_1_345' title='bbox 575 1989 780 2029; x_wconf 68' lang='lat' dir='ltr'><strong>corruptum</strong></span> <span class='ocrx_word' id='word_1_346' title='bbox 801 1998 876 2019; x_wconf 84' lang='lat' dir='ltr'><strong>nam</strong></span> <span class='ocrx_word' id='word_1_347' title='bbox 899 1990 933 2020; x_wconf 86' lang='lat' dir='ltr'><strong>et</strong></span> <span class='ocrx_word' id='word_1_348' title='bbox 948 1985 1075 2028; x_wconf 84' lang='grc' dir='ltr'>πόρων.</span> <span class='ocrx_word' id='word_1_349' title='bbox 1086 1988 1205 2030; x_wconf 78' lang='lat' dir='ltr'><strong>aliquis</strong></span> <span class='ocrx_word' id='word_1_350' title='bbox 1226 1984 1371 2027; x_wconf 91' lang='grc' dir='ltr'>ἀγαθῶν</span> <span class='ocrx_word' id='word_1_351' title='bbox 1390 1988 1490 2021; x_wconf 87' lang='lat' dir='ltr'><strong>inter-</strong></span> 
     </span>
     <span class='ocr_line' id='line_1_40' title="bbox 197 2033 1489 2079; baseline 0.001 -10"><span class='ocrx_word' id='word_1_352' title='bbox 197 2036 324 2079; x_wconf 84' lang='lat' dir='ltr'><strong>pretari</strong></span> <span class='ocrx_word' id='word_1_353' title='bbox 338 2038 471 2078; x_wconf 86' lang='lat' dir='ltr'><strong>poterat</strong></span> <span class='ocrx_word' id='word_1_354' title='bbox 486 2038 519 2069; x_wconf 89' lang='lat' dir='ltr'><strong>et</strong></span> <span class='ocrx_word' id='word_1_355' title='bbox 534 2033 682 2077; x_wconf 89' lang='grc' dir='ltr'>ἀπόρων</span> <span class='ocrx_word' id='word_1_356' title='bbox 697 2036 793 2068; x_wconf 87' lang='lat' dir='ltr'><strong>facile</strong></span> <span class='ocrx_word' id='word_1_357' title='bbox 809 2037 843 2068; x_wconf 91' lang='lat' dir='ltr'><strong>in</strong></span> <span class='ocrx_word' id='word_1_358' title='bbox 858 2034 901 2069; x_wconf 86' lang='grc' dir='ltr'><strong>τὰ</strong></span> <span class='ocrx_word' id='word_1_359' title='bbox 916 2033 1069 2077; x_wconf 80' lang='grc' dir='ltr'>παρόντ’</span> <span class='ocrx_word' id='word_1_360' title='bbox 1083 2037 1206 2070; x_wconf 88' lang='lat' dir='ltr'><strong>abibat.</strong></span> <span class='ocrx_word' id='word_1_361' title='bbox 1237 2035 1364 2070; x_wconf 85' lang='lat' dir='ltr'><strong>Chorus</strong></span> <span class='ocrx_word' id='word_1_362' title='bbox 1379 2037 1489 2070; x_wconf 83' lang='lat' dir='ltr'><strong>verbis</strong></span> 
     </span>
     <span class='ocr_line' id='line_1_41' title="bbox 190 2082 1490 2127; baseline -0.001 -8"><span class='ocrx_word' id='word_1_363' title='bbox 190 2084 237 2120; x_wconf 68' lang='grc' dir='ltr'><strong>ἐξ</strong></span> <span class='ocrx_word' id='word_1_364' title='bbox 263 2083 351 2119; x_wconf 84' lang='grc' dir='ltr'><strong>σι’ων</strong></span> <span class='ocrx_word' id='word_1_365' title='bbox 380 2082 552 2126; x_wconf 89' lang='grc' dir='ltr'>ἀπόρων</span> <span class='ocrx_word' id='word_1_366' title='bbox 572 2085 740 2118; x_wconf 86' lang='lat' dir='ltr'><strong>Electram</strong></span> <span class='ocrx_word' id='word_1_367' title='bbox 769 2085 1016 2118; x_wconf 85' lang='lat' dir='ltr'><strong>commonefacit</strong></span> <span class='ocrx_word' id='word_1_368' title='bbox 1041 2096 1188 2118; x_wconf 84' lang='lat' dir='ltr'><strong>summae</strong></span> <span class='ocrx_word' id='word_1_369' title='bbox 1213 2085 1326 2118; x_wconf 83' lang='lat' dir='ltr'><strong>auxilii</strong></span> <span class='ocrx_word' id='word_1_370' title='bbox 1351 2086 1490 2127; x_wconf 90' lang='lat' dir='ltr'><strong>inopiae,</strong></span> 
     </span>
     <span class='ocr_line' id='line_1_42' title="bbox 199 2133 1490 2176; baseline 0 -10"><span class='ocrx_word' id='word_1_371' title='bbox 199 2135 234 2167; x_wconf 86' lang='lat' dir='ltr'><strong>in</strong></span> <span class='ocrx_word' id='word_1_372' title='bbox 254 2145 319 2176; x_wconf 90' lang='lat' dir='ltr'><strong>qua</strong></span> <span class='ocrx_word' id='word_1_373' title='bbox 339 2145 405 2166; x_wconf 90' lang='grc' dir='ltr'><strong>ιιοιι</strong></span> <span class='ocrx_word' id='word_1_374' title='bbox 425 2134 472 2167; x_wconf 83' lang='lat' dir='ltr'><strong>eis</strong></span> <span class='ocrx_word' id='word_1_375' title='bbox 492 2144 592 2175; x_wconf 86' lang='lat' dir='ltr'><strong>penes</strong></span> <span class='ocrx_word' id='word_1_376' title='bbox 614 2144 696 2175; x_wconf 90' lang='lat' dir='ltr'><strong>quos</strong></span> <span class='ocrx_word' id='word_1_377' title='bbox 717 2133 859 2166; x_wconf 85' lang='lat' dir='ltr'><strong>maxima</strong></span> <span class='ocrx_word' id='word_1_378' title='bbox 878 2134 1026 2175; x_wconf 83' lang='lat' dir='ltr'><strong>potentia</strong></span> <span class='ocrx_word' id='word_1_379' title='bbox 1048 2134 1099 2175; x_wconf 86' lang='lat' dir='ltr'><strong>sit,</strong></span> <span class='ocrx_word' id='word_1_380' title='bbox 1121 2135 1178 2167; x_wconf 83' lang='lat' dir='ltr'><strong>sed</strong></span> <span class='ocrx_word' id='word_1_381' title='bbox 1199 2134 1290 2166; x_wconf 80' lang='lat' dir='ltr'><strong>sibi·</strong></span> <span class='ocrx_word' id='word_1_382' title='bbox 1281 2134 1347 2176; x_wconf 81' lang='lat' dir='ltr'><strong>ipsi</strong></span> <span class='ocrx_word' id='word_1_383' title='bbox 1365 2135 1490 2174; x_wconf 87' lang='lat' dir='ltr'><strong>noceat,</strong></span> 
     </span>
     <span class='ocr_line' id='line_1_43' title="bbox 200 2173 1460 2225; baseline -0.001 -9"><span class='ocrx_word' id='word_1_384' title='bbox 200 2185 301 2225; x_wconf 86' lang='lat' dir='ltr'><strong>atque</strong></span> <span class='ocrx_word' id='word_1_385' title='bbox 321 2183 361 2214; x_wconf 88' lang='lat' dir='ltr'><strong>ut</strong></span> <span class='ocrx_word' id='word_1_386' title='bbox 381 2182 481 2215; x_wconf 85' lang='lat' dir='ltr'><strong>verba</strong></span> <span class='ocrx_word' id='word_1_387' title='bbox 501 2193 584 2224; x_wconf 83' lang='lat' dir='ltr'><strong>quae</strong></span> <span class='ocrx_word' id='word_1_388' title='bbox 606 2183 790 2224; x_wconf 83' lang='lat' dir='ltr'><strong>sequuntur</strong></span> <span class='ocrx_word' id='word_1_389' title='bbox 809 2180 903 2215; x_wconf 85' lang='grc' dir='ltr'>πολὺ</span> <span class='ocrx_word' id='word_1_390' title='bbox 928 2179 995 2223; x_wconf 90' lang='grc' dir='ltr'><strong>γάρ</strong></span> <span class='ocrx_word' id='word_1_391' title='bbox 1016 2191 1048 2215; x_wconf 88' lang='grc' dir='ltr'><strong>τι</strong></span> <span class='ocrx_word' id='word_1_392' title='bbox 1069 2173 1186 2215; x_wconf 90' lang='grc' dir='ltr'>κακῶν</span> <span class='ocrx_word' id='word_1_393' title='bbox 1212 2179 1460 2224; x_wconf 79' lang='grc' dir='ltr'>ὑπερεκτήεω.</span> 
     </span>
     <span class='ocr_line' id='line_1_44' title="bbox 201 2227 1492 2273; baseline 0 -9"><span class='ocrx_word' id='word_1_394' title='bbox 201 2230 379 2272; x_wconf 77' lang='grc' dir='ltr'>πολέμου(</span> <span class='ocrx_word' id='word_1_395' title='bbox 400 2231 565 2273; x_wconf 87' lang='lat' dir='ltr'><strong>explicant</strong></span> <span class='ocrx_word' id='word_1_396' title='bbox 586 2229 715 2265; x_wconf 75' lang='grc' dir='ltr'>οἰκεία(</span> <span class='ocrx_word' id='word_1_397' title='bbox 736 2227 837 2271; x_wconf 75' lang='grc' dir='ltr'>ἄτας,</span> <span class='ocrx_word' id='word_1_398' title='bbox 862 2231 910 2263; x_wconf 87' lang='lat' dir='ltr'><strong>ita</strong></span> <span class='ocrx_word' id='word_1_399' title='bbox 929 2231 1085 2272; x_wconf 80' lang='lat' dir='ltr'><strong>proximis</strong></span> <span class='ocrx_word' id='word_1_400' title='bbox 1106 2229 1150 2264; x_wconf 83' lang='grc' dir='ltr'><strong>τὰ</strong></span> <span class='ocrx_word' id='word_1_401' title='bbox 1170 2229 1210 2264; x_wconf 78' lang='grc' dir='ltr'><strong>δὲ</strong></span> <span class='ocrx_word' id='word_1_402' title='bbox 1230 2231 1306 2264; x_wconf 71' lang='grc' dir='ltr'>τοῖς</span> <span class='ocrx_word' id='word_1_403' title='bbox 1326 2231 1492 2265; x_wconf 70' lang='grc' dir='ltr'>δυνατοῖς</span> 
     </span>
     <span class='ocr_line' id='line_1_45' title="bbox 201 2276 1183 2321; baseline -0.001 -8"><span class='ocrx_word' id='word_1_404' title='bbox 201 2278 266 2313; x_wconf 90' lang='grc' dir='ltr'><strong>οὐκ</strong></span> <span class='ocrx_word' id='word_1_405' title='bbox 286 2278 405 2321; x_wconf 80' lang='grc' dir='ltr'><strong>ἑριετὰ</strong></span> <span class='ocrx_word' id='word_1_406' title='bbox 425 2277 573 2313; x_wconf 86' lang='grc' dir='ltr'><strong>πλάθειν</strong></span> <span class='ocrx_word' id='word_1_407' title='bbox 593 2280 744 2313; x_wconf 86' lang='lat' dir='ltr'><strong>Electrae</strong></span> <span class='ocrx_word' id='word_1_408' title='bbox 764 2277 809 2312; x_wconf 87' lang='grc' dir='ltr'><strong>τὰ</strong></span> <span class='ocrx_word' id='word_1_409' title='bbox 829 2276 947 2320; x_wconf 90' lang='grc' dir='ltr'>ἄπορα</span> <span class='ocrx_word' id='word_1_410' title='bbox 968 2282 1183 2321; x_wconf 86' lang='lat' dir='ltr'><strong>exponuntur.</strong></span> 
     </span>
    </p>
   </div>
   <div class='ocr_carea' id='block_1_7' title="bbox 201 2327 1492 2411">
    <p class='ocr_par' dir='ltr' id='par_1_9' title="bbox 201 2327 1492 2411">
     <span class='ocr_line' id='line_1_46' title="bbox 201 2327 1492 2410; baseline 0.002 -50"><span class='ocrx_word' id='word_1_411' title='bbox 201 2377 232 2409; x_wconf 71' lang='lat' dir='ltr'>A</span> <span class='ocrx_word' id='word_1_412' title='bbox 256 2378 276 2410; x_wconf 83' lang='lat' dir='ltr'><strong>d</strong></span> <span class='ocrx_word' id='word_1_413' title='bbox 299 2328 423 2361; x_wconf 86' lang='lat' dir='ltr'><strong>Similis</strong></span> <span class='ocrx_word' id='word_1_414' title='bbox 450 2329 613 2362; x_wconf 77' lang='lat' dir='ltr'><strong>sententia</strong></span> <span class='ocrx_word' id='word_1_415' title='bbox 638 2329 738 2362; x_wconf 90' lang='lat' dir='ltr'><strong>simili</strong></span> <span class='ocrx_word' id='word_1_416' title='bbox 762 2329 880 2361; x_wconf 89' lang='lat' dir='ltr'><strong>mendo</strong></span> <span class='ocrx_word' id='word_1_417' title='bbox 901 2328 1055 2361; x_wconf 87' lang='lat' dir='ltr'><strong>deformis</strong></span> <span class='ocrx_word' id='word_1_418' title='bbox 1081 2329 1247 2362; x_wconf 86' lang='lat' dir='ltr'><strong>iuvenitur</strong></span> <span class='ocrx_word' id='word_1_419' title='bbox 1271 2327 1360 2371; x_wconf 88' lang='lat' dir='ltr'><strong>apud</strong></span> <span class='ocrx_word' id='word_1_420' title='bbox 1379 2329 1492 2371; x_wconf 73' lang='lat' dir='ltr'><strong>Eurip·</strong></span> 
     </span>
     <span class='ocr_line' id='line_1_47' title="bbox 234 2379 450 2411; baseline 0 -1"><span class='ocrx_word' id='word_1_421' title='bbox 234 2389 255 2410; x_wconf 90' lang='grc' dir='ltr'><strong>ιι</strong></span> <span class='ocrx_word' id='word_1_422' title='bbox 278 2388 359 2411; x_wconf 90' lang='lat' dir='ltr'><strong>rom.</strong></span> <span class='ocrx_word' id='word_1_423' title='bbox 383 2379 450 2410; x_wconf 84' lang='lat'><strong>126</strong></span> 
     </span>
    </p>
   </div>
  </div>
 </body>
</html>
