1616 2762
645 4 656 12 .
735 0 1081 40 meses*

981 69 983 71 .
996 65 1002 73 .

202 144 259 180 <20
575 137 646 176 Nic.
663 143 842 176 Wecklein·
866 139 1124 178 Gammae

266 236 412 269 Or.401
445 234 518 270 ΜΕ.
536 233 839 278 ἤρξωδὲλύςςης
854 231 963 275 πότε;
982 231 1268 278 τίςὴμέρατότι·’
1283 234 1346 280 {m

445 283 511 320 ΟΡ.
537 282 578 320 ἐν
598 283 620 331 ᾗ
641 282 813 324 τάλαιναν
833 280 959 328 μητέρ
978 281 1158 327 ἐξώγκουν
1176 282 1293 332 τάφῳ.

446 333 519 369 ΜΕ.
538 332 683 376 πότερα-
693 331 781 368 κατ’,
792 331 912 371 οἴκους
931 333 954 375 ἢ
975 331 1223 375 προςεδρεόων
1241 335 1351 379 πυρᾷς

447 381 513 416 ΟΡ.
539 381 665 416 νυκτὸς
684 379 875 424 φυλάςςων
894 379 1029 415 ὀςτέων
1047 378 1236 423 ἀναίρεςιν.

213 431 365 465 Menelao
380 431 609 474 interroganti,
629 431 688 464 ubi
702 430 846 474 primum
861 430 982 465 viderit
995 430 1113 464 Furias
1129 430 1275 474 Orestes,
1289 433 1403 467 utrum
1417 433 1506 469 domi

213 485 256 513 an
283 482 325 513 ad
350 482 486 514 bustum
512 481 643 520 sedens,
671 481 724 513 hic
747 480 941 522 respondet,
964 481 1065 513 noctu
1088 480 1165 514 illas
1184 480 1316 514 venisse
1333 482 1377 514 ad
1397 492 1433 515 sc
1452 493 1506 516 ex-

213 530 417 571 spectantem
437 529 518 560 dnm
532 538 609 561 ossa
622 529 823 570 legerentur.
853 528 1013 560 Miramur
1027 528 1296 561 consuetudinem
1311 531 1411 562 noctu
1430 540 1506 564 ossa

211 577 357 620 legendi,
389 576 484 619 quasi
509 576 592 609 nihil
616 576 807 610 interfuerit
830 575 940 610 omnia
965 586 1094 610 summa
1119 586 1198 610 cura
1225 571 1317 620 legi;¹
1336 577 1504 622 miramur,

213 626 301 667 quod
325 628 424 658 noctu
445 625 579 658 Orestes
600 626 689 659 nocti
714 625 838 658 similes
858 625 975 658 Furias
1001 622 1114 667 (νυκτὶ
1132 625 1346 667 προςφερεῑ(
1365 637 1396 660 v.
1415 625 1504 670 408)

211 674 359 716 aspicere
378 674 496 716 potuit.
530 673 657 707 Verum
671 674 738 707 alia
752 673 930 716 respondet
945 672 1079 707 Orestes
1094 683 1133 707 ac
1147 673 1316 707 Menelaus
1331 675 1504 716 quaesivit.

210 722 404 765 Legendum
458 758 462 761 ,

447 768 582 813 ἐκτός,
602 767 793 812 φυλάςςων
812 768 946 805 ὀςτέων
966 767 1152 813 ἀναίρεςιν.

210 820 277 855 Cfr.
297 821 372 854 Hel.
392 821 462 853 467
486 820 557 853 ποῦ
578 817 659 862 δῆτ’
678 817 723 853 ἂν
743 817 811 861 εἴη;
833 816 989 861 πότερον
1009 818 1109 854 ἐκτὸς
1129 819 1150 862 ἢ
1172 816 1208 854 ’ν
1229 816 1364 861 δόμοιες

272 868 328 902 Or.
350 870 420 912 926
449 868 471 911 ἢ
493 865 584 902 κεῖν’
604 865 748 910 ἀφήρει,
769 865 853 910 μήθ’
871 865 1072 903 ὁπλῖζεςθαι
1092 867 1180 910 χέρα

443 915 530 959 μήτε
550 914 750 958 ςτρατεύειν
770 914 961 950 ἐκλιπόντα
980 915 1140 958 δώματα,

444 963 475 999 εἰ
495 961 878 1007 τᾶνδονοίκουρήμαῖ
898 962 932 998 οἱ
953 964 1172 1006 λελειμμένοι

443 1011 663 1055 φθείρουςιν,
684 1010 827 1055 ἀνδρῶν
847 1010 987 1047 εὔνιδας
1007 1011 1222 1056 λωβώμενοι.

211 1064 273 1096 His
292 1064 403 1097 verbis
422 1063 542 1105 aliquis
567 1063 603 1095 in
622 1063 775 1096 concione
795 1062 962 1095 invehitur
985 1063 1021 1095 in
1041 1062 1349 1105 Clytaemnestram.
1379 1061 1443 1101 Qui
1462 1073 1502 1096 ea

209 1114 362 1145 accurate
392 1112 663 1152 consideraverit,
693 1122 823 1144 mecum
848 1111 1044 1152 consentiet,
1072 1112 1201 1144 ratione
1227 1112 1410 1144 sententiae
1434 1122 1501 1146 non

208 1158 428 1202 φθείρουςιν,
454 1159 513 1193 sed
533 1159 765 1201 φθεροῦςιν
784 1160 922 1202 requiri,
947 1170 1022 1192 cum
1041 1160 1085 1201 is,
1110 1160 1203 1193 cuius
1224 1161 1268 1192 sit
1287 1160 1424 1193 militiae
1444 1160 1502 1193 sti-

207 1209 329 1251 pendia
351 1209 475 1251 facere,
501 1208 591 1241 domi
615 1217 748 1241 manere
775 1208 904 1241 dicatur
930 1208 1098 1250 cogitans,
1126 1209 1301 1250 coniugem
1325 1208 1404 1240 dum
1428 1208 1501 1250 ipse

208 1258 289 1291 foris
310 1257 354 1291 sit
373 1257 456 1290 alias
477 1259 690 1299 corrupturos
710 1267 792 1291 esse.

245 1305 300 1339 Or.
324 1307 416 1339 1086
448 1302 531 1347 μήθ’
550 1302 635 1346 αἷμά
654 1314 722 1347 μου
742 1304 881 1339 δέξαιτο
900 1301 1076 1346 κάρπιμον
1094 1304 1207 1339 πέδον

442 1353 487 1396 μὴ
508 1351 669 1395 λαμπρὸς
688 1351 805 1395 αἰθήρ,
826 1349 860 1387 εἴ
879 1349 914 1386 ς’
932 1351 1005 1394 ἐγὼ
1026 1352 1183 1395 προδούς
1202 1363 1290 1388 ποτε

442 1400 683 1444 ἐλευθερώςας
701 1400 835 1444 τούμὸν
854 1398 1061 1444 ἀπολίποιμί
1082 1412 1128 1436 ςε.

208 1452 338 1485 Nomen
363 1448 448 1493 αἷμα
472 1452 534 1484 hoc
557 1452 630 1484 loco
659 1451 822 1494 ineptum,
853 1462 917 1492 quo
940 1462 1008 1484 non
1033 1452 1075 1484 de
1100 1451 1212 1491 caede,
1244 1451 1302 1484 sed
1326 1451 1368 1484 de
1393 1452 1499 1484 morte

208 1501 387 1543 cogitetur,
419 1494 570 1533 Jortinus
595 1499 738 1533 mutavit
767 1499 802 1532 in
826 1498 933 1541 ςῶμα.
967 1499 1122 1533 Praefero
1153 1496 1282 1541 ςάρκα
1311 1501 1498 1542 compmto

208 1550 307 1582 simili
327 1550 398 1583 loco
419 1549 519 1592 Hipp.
533 1549 628 1582 1030
644 1546 701 1582 καὶ
715 1546 800 1591 μήτε
816 1545 949 1582 πόντος
964 1547 1049 1591 μήτε
1064 1549 1108 1591 γῆ
1130 1545 1269 1590 δέξαιτό
1289 1558 1355 1590 μου
1371 1545 1499 1590 ςάρκας

207 1596 395 1640 θανόντος,
421 1595 452 1630 εἰ
473 1596 579 1630 κακὸς
599 1594 733 1638 πέφυκ’
759 1594 857 1638 ἀνήρ.
893 1597 987 1636 Quod
1007 1598 1185 1630 scholiasta
1209 1598 1324 1631 habet:
1350 1596 1435 1639 μήτε
1455 1595 1499 1630 τὸ

208 1644 306 1687 ςῶμά
330 1656 397 1687 μου
419 1643 665 1679 ἀποθανόντος
690 1644 712 1687 ἡ
737 1646 782 1687 γῆ
803 1644 1039 1686 παραδέξαιτο
1063 1644 1149 1688 μήτε
1175 1643 1224 1678 εἰς
1245 1643 1367 1687 αἰθέρα
1386 1643 1409 1687 ἡ
1433 1643 1498 1687 ἐμὴ

207 1693 303 1738 ψυχὴ
324 1692 467 1737 χωροίη,
482 1695 516 1728 id
531 1695 623 1728 nullo
637 1696 734 1737 pacto
750 1694 1010 1728 emendationem
1025 1694 1122 1736 ςῶμα
1137 1695 1364 1738 commendare
1378 1695 1498 1737 potest,

207 1756 282 1778 cum
314 1745 492 1778 scholiasta
521 1744 653 1787 singula
682 1744 785 1777 verba
814 1744 1062 1786 interpretetur.
1107 1744 1219 1786 Atque
1248 1746 1338 1777 recte
1368 1743 1500 1777 videtur

206 1793 415 1835 Hartungius
431 1793 533 1826 verba
552 1791 574 1834 ἡ
590 1791 655 1833 ἐμὴ
672 1791 768 1833 ψυχὴ
784 1793 828 1825 ad
841 1803 955 1825 vocem
970 1792 1109 1834 πνεῦμα
1124 1793 1222 1825 alteri
1236 1792 1348 1827 versui
1362 1791 1497 1825 redden-

206 1842 282 1874 dam
307 1841 487 1875 rettulisse.
525 1841 734 1883 Hartungius
760 1841 892 1884 scripsit
917 1839 961 1883 μὴ
987 1838 1125 1883 πνεῦμά
1149 1837 1186 1874 τ’
1211 1838 1311 1883 αἰθήρ
1336 1839 1499 1883 particula

133 1886 135 1888 ’
205 1889 244 1923 τὲ
278 1891 350 1923 loco
379 1901 498 1932 parum
523 1890 692 1923 commodo
723 1890 830 1931 illata,
860 1890 1105 1923 Heimsoethius
1134 1889 1179 1931 μὴ
1211 1888 1371 1931 λαμπρὸς
1395 1886 1497 1930 αἰθὴρ

205 1935 351 1980 πνεῦμ’,
377 1935 435 1970 ὅτ’
460 1936 505 1971 ἂν
525 1935 682 1978 προδούς
702 1947 790 1971 ποτε
815 1938 947 1978 vitiose,
973 1938 1113 1972 Weilius
1139 1937 1184 1979 μὴ
1211 1935 1370 1979 λαμπρὸς
1395 1934 1497 1978 αἰθὴρ

205 1983 349 2028 πνεῦμ’,
371 1984 444 2026 ἐγὼ
466 1983 496 2020 εἰ
516 1983 674 2027 προδούς
689 1995 778 2020 ποτε
793 1986 934 2029 synizesi
948 1986 1093 2020 admissa
1107 1997 1208 2029 quam
1221 1997 1385 2029 nusquam
1400 1985 1496 2018 Euri-

204 2037 296 2078 pides
318 2036 462 2069 admisit.
498 2035 654 2068 Fortasse
673 2035 754 2068 haec
772 2037 872 2077 poeta
892 2035 1038 2077 scripsit:

440 2083 490 2126 μὴ
512 2081 640 2125 ςάρκα
661 2093 728 2125 μου
749 2082 887 2118 δέξαιτο
907 2081 1081 2126 κάρπιμον
1101 2082 1227 2125 πέδον,

440 2132 485 2175 μὴ
506 2130 666 2174 λαμπρὸς
687 2130 789 2174 αἰθὴρ
810 2129 967 2173 πνεῦμ’,
988 2131 1071 2174 ἐγὼ
1093 2130 1280 2174 προδούς
1300 2129 1395 2166 ποτ’
1416 2130 1451 2165 εἰ

439 2179 678 2223 ἐλευθερώςας
698 2178 832 2222 τούμὸν
851 2178 1057 2223 ἀπολίποιμί
1078 2191 1124 2215 ςε.

205 2232 289 2265 Cum
309 2228 395 2264 ποτ’
415 2228 447 2265 εἰ
467 2231 502 2264 in
521 2240 610 2264 ποτε
630 2230 782 2272 abiisset,
804 2227 835 2264 εἰ
856 2241 959 2273 supra
977 2230 1115 2273 πνεῦμα
1135 2231 1294 2273 scriptum
1314 2233 1349 2264 et
1369 2231 1496 2264 senten·

204 2282 270 2314 tiae
291 2281 512 2314 necessarium
531 2280 627 2313 facile
647 2279 788 2320 πνεῦμα
809 2280 1004 2321 expellebat.

237 2329 294 2362 Or.
317 2330 409 2362 1457
436 2326 526 2369 ἀμφὶ
546 2326 765 2369 πορφυρέων
785 2326 933 2360 πέπλων
952 2325 1023 2361 ὑπὸ
1044 2326 1190 2361 (κότου-

438 2374 522 2418 ξίφη
543 2374 736 2410 ςπάςαντες
756 2374 796 2409 ἐν
817 2376 938 2417 χεροῖν
958 2374 1027 2410 κτὲ.

204 2427 316 2469 Phryx
336 2427 461 2469 narrat,
481 2425 632 2459 Orestem
648 2427 683 2458 et
697 2425 855 2468 Pyladem
870 2428 1006 2467 repente
1026 2425 1154 2467 gladios
1170 2425 1368 2459 vestimento
1389 2425 1494 2457 tectos
